
@article{Adams1981,
    author = {Christopher D. Adams},
    title ={Variations in the Sensitivity of Instrumental Responding to Reinforcer Devaluation},
    journal = {The Quarterly Journal of Experimental Psychology Section B},
    volume = {34},
    number = {2b},
    pages = {77-98},
    year = {1982},
    doi = {10.1080/14640748208400878},
    eprint = {
            https://doi.org/10.1080/14640748208400878

    }
    }

@phdthesis{Neal1995,
 author = {Neal, Radford M.},
 advisor = {Hinton, Geoffrey},
 title = {Bayesian Learning for Neural Networks},
 year = {1995},
 isbn = {0-612-02676-0},
 note = {AAINN02676},
 publisher = {University of Toronto},
 address = {Toronto, Ont., Canada, Canada},
}


@article{Jordan1999,
 author = {Jordan, Michael I. and Ghahramani, Zoubin and Jaakkola, Tommi S. and Saul, Lawrence K.},
 title = {An Introduction to Variational Methods for Graphical Models},
 journal = {Mach. Learn.},
 issue_date = {Nov.1.1999},
 volume = {37},
 number = {2},
 month = nov,
 year = {1999},
 issn = {0885-6125},
 pages = {183--233},
 numpages = {51},
 url = {https://doi.org/10.1023/A:1007665907178},
 doi = {10.1023/A:1007665907178},
 acmid = {339252},
 publisher = {Kluwer Academic Publishers},
 address = {Hingham, MA, USA},
 keywords = {Bayesian networks, Boltzmann machines, approximate inference, belief networks, graphical models, hidden Markov models, mean field methods, neural networks, probabilistic inference, variational methods},
} 


@InProceedings{depeweg18,
  title = 	 {Decomposition of Uncertainty in {B}ayesian Deep Learning for Efficient and Risk-sensitive Learning},
  author = 	 {Depeweg, Stefan and Hernandez-Lobato, Jose-Miguel and Doshi-Velez, Finale and Udluft, Steffen},
  booktitle = 	 {Proceedings of the 35th International Conference on Machine Learning},
  pages = 	 {1184--1193},
  year = 	 {2018},
  editor = 	 {Dy, Jennifer and Krause, Andreas},
  volume = 	 {80},
  series = 	 {Proceedings of Machine Learning Research},
  address = 	 {Stockholmsm√§ssan, Stockholm Sweden},
  month = 	 {10--15 Jul},
  publisher = 	 {PMLR},
  pdf = 	 {http://proceedings.mlr.press/v80/depeweg18a/depeweg18a.pdf},
  url = 	 {http://proceedings.mlr.press/v80/depeweg18a.html},
}



@incollection{LeCun2006,
title = {Off-Road Obstacle Avoidance through End-to-End Learning},
author = {Yann LeCun and Urs Muller and Jan Ben and Eric Cosatto and Beat Flepp},
booktitle = {Advances in Neural Information Processing Systems 18},
editor = {Y. Weiss and B. Sch\"{o}lkopf and J. C. Platt},
pages = {739--746},
year = {2006},
publisher = {MIT Press},
url = {http://papers.nips.cc/paper/2847-off-road-obstacle-avoidance-through-end-to-end-learning.pdf}
}


@article{NarasimhanKB15,
  author    = {Karthik Narasimhan and
               Tejas D. Kulkarni and
               Regina Barzilay},
  title     = {Language Understanding for Text-based Games Using Deep Reinforcement
               Learning},
  journal   = {CoRR},
  volume    = {abs/1506.08941},
  year      = {2015},
  url       = {http://arxiv.org/abs/1506.08941},
  archivePrefix = {arXiv},
  eprint    = {1506.08941},
  timestamp = {Mon, 13 Aug 2018 16:48:19 +0200},
  biburl    = {https://dblp.org/rec/bib/journals/corr/NarasimhanKB15},
  bibsource = {dblp computer science bibliography, https://dblp.org}
}


@book{OptimalControl,
        author = {Kirk, Donald E.},
        day = {30},
        howpublished = {Paperback},
        isbn = {0486434842},
        month = apr,
        posted-at = {2009-04-30 11:34:00},
        priority = {2},
        publisher = {Dover Publications},
        title = {{Optimal control theory : an introduction}},
        url = {http://www.amazon.com/exec/obidos/redirect?tag=citeulike07-20\&path=ASIN/0486434842},
        year = {2004}
    }


@inproceedings{Torch7,
      title = {Torch7: A Matlab-like Environment for Machine Learning},
      author = {R. Collobert and K. Kavukcuoglu and C. Farabet},
      booktitle = {BigLearn, NIPS Workshop},
      year = {2011}
    }


@article{Salakhutdinov2009,
     author = {Salakhutdinov, Ruslan and Hinton, Geoffrey},
     title = {Semantic Hashing},
     journal = {Int. J. Approx. Reasoning},
     issue_date = {July, 2009},
     volume = {50},
     number = {7},
     month = jul,
     year = {2009},
     issn = {0888-613X},
     pages = {969--978},
     numpages = {10},
     acmid = {1558446},
     publisher = {Elsevier Science Inc.},
     address = {New York, NY, USA},
     keywords = {Graphical models, Information retrieval, Unsupervised learning},
    }



@inproceedings{Ross2010EfficientRF,
      title={Efficient Reductions for Imitation Learning},
      author={St{\'e}phane Ross and J. Andrew Bagnell},
      booktitle={AISTATS},
      year={2010}
    }

@article{Bengio1994,
     author = {Bengio, Y. and Simard, P. and Frasconi, P.},
     title = {Learning Long-term Dependencies with Gradient Descent is Difficult},
     journal = {Trans. Neur. Netw.},
     issue_date = {March 1994},
     volume = {5},
     number = {2},
     month = mar,
     year = {1994},
     issn = {1045-9227},
     pages = {157--166},
     numpages = {10},
     acmid = {2328340},
     publisher = {IEEE Press},
     address = {Piscataway, NJ, USA},
    }


@ARTICLE{MPC,
        author = {Manfred Morari and Jay H. Lee},
        title = {Model Predictive Control: Past, Present and Future},
        journal = {Computers and Chemical Engineering},
        year = {1997},
        volume = {23},
        pages = {667--682}
    }


@article{Oh15,
  author    = {Junhyuk Oh and
               Xiaoxiao Guo and
               Honglak Lee and
               Richard L. Lewis and
               Satinder P. Singh},
  title     = {Action-Conditional Video Prediction using Deep Networks in Atari Games},
  journal   = {CoRR},
  volume    = {abs/1507.08750},
  year      = {2015},
  url       = {http://arxiv.org/abs/1507.08750},
  archivePrefix = {arXiv},
  eprint    = {1507.08750},
  timestamp = {Wed, 07 Jun 2017 14:40:16 +0200},
  biburl    = {http://dblp.org/rec/bib/journals/corr/OhGLLS15},
  bibsource = {dblp computer science bibliography, http://dblp.org}
}



@article{NGSIM,
  title={{NGSIM} Interstate 80 Freeway Dataset},
  author={Halkias, John and Colyar, James},
  journal={US Federal Highway Administration, FHWA-HRT-06-137, Washington, DC, USA},
  year={2006}
}


@article{Dropout2014,
      author  = {Nitish Srivastava and Geoffrey Hinton and Alex Krizhevsky and Ilya Sutskever and Ruslan Salakhutdinov},
      title   = {Dropout: A Simple Way to Prevent Neural Networks from Overfitting},
      journal = {Journal of Machine Learning Research},
      year    = {2014},
      volume  = {15},
      pages   = {1929-1958},
      url     = {http://jmlr.org/papers/v15/srivastava14a.html}
    }


@article{Dropout2012,
      author    = {Geoffrey E. Hinton and
                   Nitish Srivastava and
                   Alex Krizhevsky and
                   Ilya Sutskever and
                   Ruslan Salakhutdinov},
      title     = {Improving neural networks by preventing co-adaptation of feature detectors},
      journal   = {CoRR},
      volume    = {abs/1207.0580},
      year      = {2012},
      url       = {http://arxiv.org/abs/1207.0580},
      archivePrefix = {arXiv},
      eprint    = {1207.0580},
      timestamp = {Mon, 13 Aug 2018 16:46:10 +0200},
      biburl    = {https://dblp.org/rec/bib/journals/corr/abs-1207-0580},
      bibsource = {dblp computer science bibliography, https://dblp.org}
    }


@InProceedings{Gal16,
  title = 	 {Dropout as a Bayesian Approximation: Representing Model Uncertainty in Deep Learning},
  author = 	 {Yarin Gal and Zoubin Ghahramani},
  booktitle = 	 {Proceedings of The 33rd International Conference on Machine Learning},
  pages = 	 {1050--1059},
  year = 	 {2016},
  editor = 	 {Maria Florina Balcan and Kilian Q. Weinberger},
  volume = 	 {48},
  series = 	 {Proceedings of Machine Learning Research},
  address = 	 {New York, New York, USA},
  month = 	 {20--22 Jun},
  publisher = 	 {PMLR},
  pdf = 	 {http://proceedings.mlr.press/v48/gal16.pdf},
  url = 	 {http://proceedings.mlr.press/v48/gal16.html},
}


@article{Denton2018,
      author    = {Emily Denton and
                   Rob Fergus},
      title     = {Stochastic Video Generation with a Learned Prior},
      journal   = {CoRR},
      volume    = {abs/1802.07687},
      year      = {2018},
      url       = {http://arxiv.org/abs/1802.07687},
      archivePrefix = {arXiv},
      eprint    = {1802.07687},
      timestamp = {Fri, 02 Mar 2018 13:46:22 +0100},
      biburl    = {https://dblp.org/rec/bib/journals/corr/abs-1802-07687},
      bibsource = {dblp computer science bibliography, https://dblp.org}
}

@article{Babaeizadeh2018,
      author    = {Mohammad Babaeizadeh and
                   Chelsea Finn and
                   Dumitru Erhan and
                   Roy H. Campbell and
                   Sergey Levine},
      title     = {Stochastic Variational Video Prediction},
      journal   = {CoRR},
      volume    = {abs/1710.11252},
      year      = {2017},
      url       = {http://arxiv.org/abs/1710.11252},
      archivePrefix = {arXiv},
      eprint    = {1710.11252},
      timestamp = {Thu, 02 Nov 2017 14:25:36 +0100},
      biburl    = {https://dblp.org/rec/bib/journals/corr/abs-1710-11252},
      bibsource = {dblp computer science bibliography, https://dblp.org}
}



@article{VPN,
      author    = {Nal Kalchbrenner and
                   A{\"{a}}ron van den Oord and
                   Karen Simonyan and
                   Ivo Danihelka and
                   Oriol Vinyals and
                   Alex Graves and
                   Koray Kavukcuoglu},
      title     = {Video Pixel Networks},
      journal   = {CoRR},
      volume    = {abs/1610.00527},
      year      = {2016},
      url       = {http://arxiv.org/abs/1610.00527},
      archivePrefix = {arXiv},
      eprint    = {1610.00527},
      timestamp = {Wed, 07 Jun 2017 14:40:19 +0200},
      biburl    = {https://dblp.org/rec/bib/journals/corr/KalchbrennerOSD16},
      bibsource = {dblp computer science bibliography, https://dblp.org}
    }


@article{Srivastava15,
  author    = {Nitish Srivastava and
               Elman Mansimov and
               Ruslan Salakhutdinov},
  title     = {Unsupervised Learning of Video Representations using LSTMs},
  journal   = {CoRR},
  volume    = {abs/1502.04681},
  year      = {2015},
  url       = {http://arxiv.org/abs/1502.04681},
  archivePrefix = {arXiv},
  eprint    = {1502.04681},
  timestamp = {Wed, 07 Jun 2017 14:41:19 +0200},
  biburl    = {http://dblp.org/rec/bib/journals/corr/SrivastavaMS15},
  bibsource = {dblp computer science bibliography, http://dblp.org}
}

@article{Villegas17,
  author    = {Ruben Villegas and
               Jimei Yang and
               Yuliang Zou and
               Sungryull Sohn and
               Xunyu Lin and
               Honglak Lee},
  title     = {Learning to Generate Long-term Future via Hierarchical Prediction},
  journal   = {CoRR},
  volume    = {abs/1704.05831},
  year      = {2017},
  url       = {http://arxiv.org/abs/1704.05831},
  archivePrefix = {arXiv},
  eprint    = {1704.05831},
  timestamp = {Wed, 07 Jun 2017 14:40:21 +0200},
  biburl    = {https://dblp.org/rec/bib/journals/corr/VillegasYZSLL17},
  bibsource = {dblp computer science bibliography, https://dblp.org}
}

@article{DentonB17,
  author    = {Emily Denton and
               Vighnesh Birodkar},
  title     = {Unsupervised Learning of Disentangled Representations from Video},
  journal   = {CoRR},
  volume    = {abs/1705.10915},
  year      = {2017},
  url       = {http://arxiv.org/abs/1705.10915},
  archivePrefix = {arXiv},
  eprint    = {1705.10915},
  timestamp = {Wed, 07 Jun 2017 14:40:19 +0200},
  biburl    = {http://dblp.org/rec/bib/journals/corr/DentonB17},
  bibsource = {dblp computer science bibliography, http://dblp.org}
}

@article{Poke,
  author    = {Pulkit Agrawal and
               Ashvin Nair and
               Pieter Abbeel and
               Jitendra Malik and
               Sergey Levine},
  title     = {Learning to Poke by Poking: Experiential Learning of Intuitive Physics},
  journal   = {CoRR},
  volume    = {abs/1606.07419},
  year      = {2016},
  url       = {http://arxiv.org/abs/1606.07419},
  archivePrefix = {arXiv},
  eprint    = {1606.07419},
  timestamp = {Wed, 07 Jun 2017 14:42:59 +0200},
  biburl    = {http://dblp.org/rec/bib/journals/corr/AgrawalNAML16},
  bibsource = {dblp computer science bibliography, http://dblp.org}
}

@article{FinnGL16,
  author    = {Chelsea Finn and
               Ian J. Goodfellow and
               Sergey Levine},
  title     = {Unsupervised Learning for Physical Interaction through Video Prediction},
  journal   = {CoRR},
  volume    = {abs/1605.07157},
  year      = {2016},
  url       = {http://arxiv.org/abs/1605.07157},
  archivePrefix = {arXiv},
  eprint    = {1605.07157},
  timestamp = {Wed, 07 Jun 2017 14:42:02 +0200},
  biburl    = {http://dblp.org/rec/bib/journals/corr/FinnGL16},
  bibsource = {dblp computer science bibliography, http://dblp.org}
}



@incollection{SVG,
    title = {Learning Continuous Control Policies by Stochastic Value Gradients},
    author = {Heess, Nicolas and Wayne, Gregory and Silver, David and Lillicrap, Tim and Erez, Tom and Tassa, Yuval},
    booktitle = {Advances in Neural Information Processing Systems 28},
    editor = {C. Cortes and N. D. Lawrence and D. D. Lee and M. Sugiyama and R. Garnett},
    pages = {2944--2952},
    year = {2015},
    publisher = {Curran Associates, Inc.},
    }




@InProceedings{baram17,
  title = 	 {End-to-End Differentiable Adversarial Imitation Learning},
  author = 	 {Nir Baram and Oron Anschel and Itai Caspi and Shie Mannor},
  booktitle = 	 {Proceedings of the 34th International Conference on Machine Learning},
  pages = 	 {390--399},
  year = 	 {2017},
  editor = 	 {Doina Precup and Yee Whye Teh},
  volume = 	 {70},
  series = 	 {Proceedings of Machine Learning Research},
  address = 	 {International Convention Centre, Sydney, Australia},
  month = 	 {06--11 Aug},
  publisher = 	 {PMLR},
  pdf = 	 {http://proceedings.mlr.press/v70/baram17a/baram17a.pdf}
}


@INPROCEEDINGS{Englert2013,
    author={P. Englert and A. Paraschos and J. Peters and M. P. Deisenroth},
    booktitle={2013 IEEE International Conference on Robotics and Automation},
    title={Model-based imitation learning by probabilistic trajectory matching},
    year={2013},
    volume={},
    number={},
    pages={1922-1927},
    doi={10.1109/ICRA.2013.6630832},
    ISSN={1050-4729},
    month={May},}








































@inproceedings{Fermin2016,
      title={Model-based action planning involves cortico-cerebellar and basal ganglia networks},
      author={Alan S R Fermin and Takehiko Yoshida and Junichiro Yoshimoto and Makoto Ito and Saori C. Tanaka and Kenji Doya},
      booktitle={Scientific reports},
      year={2016}
    }


@article{Killcross2003,
    author = {Killcross, Simon and Coutureau, Etienne},
    title = {Coordination of Actions and Habits in the Medial Prefrontal Cortex of Rats},
    journal = {Cerebral Cortex},
    volume = {13},
    number = {4},
    pages = {400-408},
    year = {2003},
    doi = {10.1093/cercor/13.4.400},
    URL = {http://dx.doi.org/10.1093/cercor/13.4.400},
    eprint = {/oup/backfile/content_public/journal/cercor/13/4/10.1093_cercor_13.4.400/1/1300400.pdf}
    }

@article{Holland2004,
    author = {Holland, PC},
    year = {2004},
    month = {10},
    pages = {258-258},
    title = {Relations between Pavlovian-instrumental transfer and reinforcer devaluation (vol 30, pg 104, 2004)},
    volume = {30},
    booktitle = {Journal of Experimental Psychology Animal Behavior Processes}

    }



@article{UPN,
      author    = {Aravind Srinivas and
                   Allan Jabri and
                   Pieter Abbeel and
                   Sergey Levine and
                   Chelsea Finn},
      title     = {Universal Planning Networks},
      journal   = {CoRR},
      volume    = {abs/1804.00645},
      year      = {2018},
      url       = {http://arxiv.org/abs/1804.00645},
      archivePrefix = {arXiv},
      eprint    = {1804.00645},
      timestamp = {Mon, 13 Aug 2018 16:47:44 +0200},
      biburl    = {https://dblp.org/rec/bib/journals/corr/abs-1804-00645},
      bibsource = {dblp computer science bibliography, https://dblp.org}
    }


@article{Kahn2017,
    author = {Kahn, Gregory and Villaflor, Adam and Pong, Vitchyr and Abbeel, Pieter and Levine, Sergey},
    year = {2017},
    month = {02},
    pages = {},
    title = {Uncertainty-Aware Reinforcement Learning for Collision Avoidance}
    }


@article{Bojarski16,
      author = {Bojarski, Mariusz and Testa, Davide Del and Dworakowski, Daniel and Firner, Bernhard and Flepp, Beat and Goyal, Prasoon and Jackel, Lawrence D. and Monfort, Mathew and Muller, Urs and Zhang, Jiakai and Zhang, Xin and Zhao, Jake and Zieba, Karol},
      biburl = {https://www.bibsonomy.org/bibtex/2e9a5d5d71045b6d110554c25a5a26392/dblp},
      ee = {http://arxiv.org/abs/1604.07316},
      journal = {CoRR},
      keywords = {dblp},
      timestamp = {2018-08-14T11:52:03.000+0200},
      title = {End to End Learning for Self-Driving Cars.},
      volume = {abs/1604.07316},
      year = 2016
    }

@article{Pan17,
      author    = {Yunpeng Pan and
                   Ching{-}An Cheng and
                   Kamil Saigol and
                   Keuntaek Lee and
                   Xinyan Yan and
                   Evangelos Theodorou and
                   Byron Boots},
      title     = {Agile Off-Road Autonomous Driving Using End-to-End Deep Imitation
                   Learning},
      journal   = {CoRR},
      volume    = {abs/1709.07174},
      year      = {2017},
      url       = {http://arxiv.org/abs/1709.07174},
      archivePrefix = {arXiv},
      eprint    = {1709.07174},
      timestamp = {Mon, 13 Aug 2018 16:49:05 +0200},
      biburl    = {https://dblp.org/rec/bib/journals/corr/abs-1709-07174},
      bibsource = {dblp computer science bibliography, https://dblp.org}
    }


@unknown{Sadigh16,
    author = {Sadigh, Dorsa and Sastry, Shankar and A. Seshia, Sanjit and D. Dragan, Anca},
    year = {2016},
    month = {06},
    pages = {},
    title = {Planning for Autonomous Cars that Leverage Effects on Human Actions}
    }

@inproceedings{Baram2017EndtoEndDA,
  title={End-to-End Differentiable Adversarial Imitation Learning},
  author={Nir Baram and Oron Anschel and Itai Caspi and Shie Mannor},
  booktitle={ICML},
  year={2017}
}

@INPROCEEDINGS{Nguyen1989,
    author={Nguyen and Widrow},
    booktitle={International 1989 Joint Conference on Neural Networks},
    title={The truck backer-upper: an example of self-learning in neural networks},
    year={1989},
    volume={},
    number={},
    pages={357-363 vol.2},
    doi={10.1109/IJCNN.1989.118723},
    ISSN={},
    month={},}


@INPROCEEDINGS{PILCO,
        author = {Marc Peter Deisenroth and Carl Edward Rasmussen},
        title = {PILCO: A Model-Based and Data-Efficient Approach to Policy Search},
        booktitle = {In Proceedings of the International Conference on Machine Learning},
        year = {2011}
    }

@INPROCEEDINGS{REINFORCE,
        author = {Ronald J. Williams},
        title = {Simple statistical gradient-following algorithms for connectionist reinforcement learning},
        booktitle = {Machine Learning},
        year = {1992},
        pages = {229--256}
    }

@incollection{ActorCritic,
    title = {Actor-Critic Algorithms},
    author = {Vijay R. Konda and John N. Tsitsiklis},
    booktitle = {Advances in Neural Information Processing Systems 12},
    editor = {S. A. Solla and T. K. Leen and K. M\"{u}ller},
    pages = {1008--1014},
    year = {2000},
    publisher = {MIT Press},
    url = {http://papers.nips.cc/paper/1786-actor-critic-algorithms.pdf}
    }

@INPROCEEDINGS{Atkeson1997,
    author={C. G. Atkeson and J. C. Santamaria},
    booktitle={Proceedings of International Conference on Robotics and Automation},
    title={A comparison of direct and model-based reinforcement learning},
    year={1997},
    volume={4},
    number={},
    pages={3557-3564 vol.4},
    keywords={robots;nonlinear control systems;learning (artificial intelligence);model reference adaptive control systems;direct reinforcement learning;model-based reinforcement learning;pendulum swing-up;acrobot;Learning;Training data;Robots;Control system synthesis;Educational institutions;Force control;Control systems;Computational modeling;Jacobian matrices;State-space methods},
    doi={10.1109/ROBOT.1997.606886},
    ISSN={},
    month={April},}




@article{LS-LQR,
      author    = {Stephen Tu and
                   Benjamin Recht},
      title     = {Least-Squares Temporal Difference Learning for the Linear Quadratic
                   Regulator},
      journal   = {CoRR},
      volume    = {abs/1712.08642},
      year      = {2017},
      url       = {http://arxiv.org/abs/1712.08642},
      archivePrefix = {arXiv},
      eprint    = {1712.08642},
      timestamp = {Thu, 04 Jan 2018 12:38:35 +0100},
      biburl    = {https://dblp.org/rec/bib/journals/corr/abs-1712-08642},
      bibsource = {dblp computer science bibliography, https://dblp.org}
    }


@article{Ohtsuka04,
      added-at = {2009-02-04T00:00:00.000+0100},
      author = {Ohtsuka, Toshiyuki},
      biburl = {https://www.bibsonomy.org/bibtex/27571e937521c642e195177d411f9b142/dblp},
      date = {2009-02-04},
      description = {dblp},
      ee = {http://dx.doi.org/10.1016/j.automatica.2003.11.005},
      journal = {Automatica},
      keywords = {dblp},
      number = 4,
      pages = {563-574},
      timestamp = {2009-02-05T11:34:28.000+0100},
      title = {A continuation/GMRES method for fast computation of nonlinear receding horizon control.},
      url = {http://dblp.uni-trier.de/db/journals/automatica/automatica40.html#Ohtsuka04},
      volume = 40,
      year = 2004
    }





@article{ALE,
      author    = {Marc G. Bellemare and
                   Yavar Naddaf and
                   Joel Veness and
                   Michael Bowling},
      title     = {The Arcade Learning Environment: An Evaluation Platform for General
                   Agents},
      journal   = {CoRR},
      volume    = {abs/1207.4708},
      year      = {2012},
      url       = {http://arxiv.org/abs/1207.4708},
      archivePrefix = {arXiv},
      eprint    = {1207.4708},
      timestamp = {Wed, 07 Jun 2017 14:43:03 +0200},
      biburl    = {https://dblp.org/rec/bib/journals/corr/abs-1207-4708},
      bibsource = {dblp computer science bibliography, https://dblp.org}
    }

@article{Recht2018,
      author    = {Benjamin Recht},
      title     = {A Tour of Reinforcement Learning: the View from Continuous Control},
      journal   = {CoRR},
      volume    = {abs/1806.09460},
      year      = {2018},
      url       = {https://arxiv.org/abs/1806.09460},
      archivePrefix = {arXiv},
      eprint    = {1806.09460},
      timestamp = {25 Jun 2018},
      biburl    = {https://dblp.org/rec/bib/journals/corr/abs-1806-09460},
      bibsource = {dblp computer science bibliography, https://dblp.org}
    }

@article{Lillicrap2015,
  added-at = {2018-08-13T00:00:00.000+0200},
  author = {Lillicrap, Timothy P. and Hunt, Jonathan J. and Pritzel, Alexander and Heess, Nicolas and Erez, Tom and Tassa, Yuval and Silver, David and Wierstra, Daan},
  biburl = {https://www.bibsonomy.org/bibtex/23fd60842eb3f0ca78c9ac78886bdccb1/dblp},
  ee = {http://arxiv.org/abs/1509.02971},
  interhash = {ca27256847b6d007ec304a3792387470},
  intrahash = {3fd60842eb3f0ca78c9ac78886bdccb1},
  journal = {CoRR},
  keywords = {dblp},
  timestamp = {2018-08-14T11:49:15.000+0200},
  title = {Continuous control with deep reinforcement learning.},
  volume = {abs/1509.02971},
  year = 2015
}



@inproceedings{Sutskever14,
  author    = {Ilya Sutskever and
               Oriol Vinyals and
               Quoc V. Le},
  title     = {Sequence to Sequence Learning with Neural Networks},
  booktitle = {Advances in Neural Information Processing Systems 27: Annual Conference
               on Neural Information Processing Systems 2014, December 8-13 2014,
               Montreal, Quebec, Canada},
  pages     = {3104--3112},
  year      = {2014},
  timestamp = {Wed, 10 Dec 2014 21:34:12 +0100},
  biburl    = {http://dblp.uni-trier.de/rec/bib/conf/nips/SutskeverVL14},
  bibsource = {dblp computer science bibliography, http://dblp.org}
}



@book{SuttonBarto1998,
     author = {Sutton, Richard S. and Barto, Andrew G.},
     title = {Introduction to Reinforcement Learning},
     year = {1998},
     isbn = {0262193981},
     edition = {1st},
     publisher = {MIT Press},
     address = {Cambridge, MA, USA},
    }

@article{Daw05,
      added-at = {2008-09-16T23:39:07.000+0200},
      author = {Daw, Nathaniel D and Niv, Yael and Dayan, Peter},
      bdsk-url-1 = {http://dx.doi.org/10.1038/nn1560},
      bdsk-url-2 = {http://dx.doi.org/10.1038/nn1560},
      biburl = {https://www.bibsonomy.org/bibtex/298d5f66164e06f4bff4cc00c560beda0/brian.mingus},
      description = {CCNLab BibTeX},
      doi = {10.1038/nn1560},
      journal = {Nat Neurosci},
      keywords = {bg, pfc},
      month = Dec,
      number = 12,
      owner = {frankmj},
      pages = {1704--1711},
      pii = {nn1560},
      pmid = {16286932},
      timestamp = {2008-09-16T23:39:45.000+0200},
      title = {Uncertainty-based competition between prefrontal and dorsolateral striatal systems for behavioral control.},
      url = {http://dx.doi.org/10.1038/nn1560},
      volume = 8,
      year = 2005
    }





@article{Ganguli2008,
author = {Ganguli, Surya and Huh, Dongsung and Sompolinsky, Haim},
title = {Memory traces in dynamical systems},
volume = {105},
number = {48},
pages = {18970-18975},
year = {2008},
doi = {10.1073/pnas.0804451105}
}





@inproceedings{Graves2013b,
  author    = {Alex Graves and
               Abdel{-}rahman Mohamed and
               Geoffrey E. Hinton},
  title     = {Speech recognition with deep recurrent neural networks},
  booktitle = {{IEEE} International Conference on Acoustics, Speech and Signal Processing,
               {ICASSP} 2013, Vancouver, BC, Canada, May 26-31, 2013},
  pages     = {6645--6649},
  year      = {2013},
  url       = {http://dx.doi.org/10.1109/ICASSP.2013.6638947},
  doi       = {10.1109/ICASSP.2013.6638947},
  timestamp = {Sat, 02 Nov 2013 16:17:16 +0100},
  bibsource = {dblp computer science bibliography, http://dblp.org}
}



@inproceedings{McLeod1996,
      title={Do Fielders Know Where to Go to Catch the Ball or Only How to Get There ?},
      author={Peter McLeod and Zoltan Dienes},
      year={1996}
    }

@preprint{saxe2013,
  added-at = {2014-01-07T21:05:30.000+0100},
  author = {Saxe, Andrew M. and McClelland, James L. and Ganguli, Surya},
  biburl = {http://www.bibsonomy.org/bibtex/22369554f743ca15f2b831e620e9d63b2/renatovicente},
  description = {Exact solutions to the nonlinear dynamics of learning in deep linear
  neural networks},
  keywords = {deep learning},
  note = {cite arxiv:1312.6120},
  timestamp = {2014-01-07T21:05:30.000+0100},
  title = {Exact solutions to the nonlinear dynamics of learning in deep linear
  neural networks},
  url = {http://arxiv.org/abs/1312.6120},
  year = 2013
}



@article{White2004,
 author = {White, O and Lee, D and Sompolinky, H},
 title = {Short-Term Memory in Orthogonal Neural Networks},
 journal = {Physical Review Letters},
 issue_date = {4/9/2004},
 volume = {92},
 month = april,
 year = {2004},
 issn = {14},
}

@INPROCEEDINGS{Watkins92q-learning,
        author = {Christopher J. C. H. Watkins and Peter Dayan},
        title = {Q-learning},
        booktitle = {Machine Learning},
        year = {1992},
        pages = {279--292}
}


@article{Tolman1948,
 author = {Tolman, Edward},
 title = {Cognitive Maps in Rats and Men},
 journal = {The Psychological Review},
 issue_date = {July 1948},
 volume = {55},
 month = july,
 year = {1948},
 issn = {4},
}

@article{Holman1975,
    title = "Some conditions for the dissociation of consummatory and instrumental behavior in rats",
    journal = "Learning and Motivation",
    volume = "6",
    number = "3",
    pages = "358 - 366",
    year = "1975",
    issn = "0023-9690",
    doi = "https://doi.org/10.1016/0023-9690(75)90015-6",
    url = "http://www.sciencedirect.com/science/article/pii/0023969075900156",
    author = "Eric W Holman"
    }


@article{Spence1950,
 author = {Spence, K and Bergmann, G and Lippitt, R},
 title = {A Study of Simple Learning under Irrelevant Motivational-Reward Conditions},
 journal = {The Journal of Experimental Psychology},
 issue_date = {October 1950},
 volume = {40},
 month = October,
 year = {1950},
 issn = {5},
}



@inbook{Balleine2009,
    title = "Multiple forms of value learning and the function of dopamine",
    author = "Balleine, {Bernard W.} and Daw, {Nathaniel D.} and O'Doherty, {John P.}",
    year = "2009",
    doi = "10.1016/B978-0-12-374176-9.00024-5",
    language = "English (US)",
    isbn = "9780123741769",
    pages = "367--387",
    booktitle = "Neuroeconomics",
    publisher = "Elsevier Inc.",
    }


@article{Tolman1929,
    author = {Tolman, E and Honzik, C},
    year = {1929},
    month = {11},
    pages = {257-275},
    title = {Introduction and removal of reward, and maze performance in rats},
    volume = {4},
    booktitle = {University of California Publications in Psychology}
}

@article{Blodgett1928,
    author = {Blodgett, H},
    year = {1928},
    month = {11},
    pages = {113-134},
    title = {The Effect of the introduction of reward upon the maze performance in rats},
    volume = {4},
    booktitle = {University of California Publications in Psychology}
}






@article{Gers2003,
 author = {Gers, Felix A. and Schraudolph, Nicol N. and Schmidhuber, J\"{u}rgen},
 title = {Learning Precise Timing with Lstm Recurrent Networks},
 journal = {J. Mach. Learn. Res.},
 issue_date = {3/1/2003},
 volume = {3},
 month = mar,
 year = {2003},
 issn = {1532-4435},
 pages = {115--143},
 numpages = {29},
 url = {http://dx.doi.org/10.1162/153244303768966139},
 doi = {10.1162/153244303768966139},
 acmid = {944925},
 publisher = {JMLR.org},
 keywords = {long short-term memory, recurrent neural networks, timing},
}

@PHDTHESIS{mikolov_thesis,
   author = {Tom{\'{a}}{\v{s}} Mikolov},
   title = {Statistical Language Models Based on Neural Networks},
   pages = {129},
   year = {2012},
   location = {Brno, CZ},
   language = {english},
   url = {http://www.fit.vutbr.cz/research/view_pub.php?id=10158}
}

@inproceedings{Pascanu13,
  author    = {Razvan Pascanu and
               Tomas Mikolov and
               Yoshua Bengio},
  title     = {On the difficulty of training recurrent neural networks},
  booktitle = {Proceedings of the 30th International Conference on Machine Learning,
               {ICML} 2013, Atlanta, GA, USA, 16-21 June 2013},
  pages     = {1310--1318},
  year      = {2013},
  timestamp = {Thu, 11 Sep 2014 07:28:55 +0200},
  biburl    = {http://dblp.uni-trier.de/rec/bib/conf/icml/PascanuMB13},
  bibsource = {dblp computer science bibliography, http://dblp.org}
}

@article{Bengio94,
  added-at = {2008-09-16T23:39:07.000+0200},
  author = {Bengio, Y. and Simard, P. and Frasconi, P.},
  biburl = {http://www.bibsonomy.org/bibtex/23241e3cc17a659131f52bd0f0d9a32dd/brian.mingus},
  description = {CCNLab BibTeX},
  journal = {IEEE Transactions on Neural Networks},
  keywords = {CCP JRR,},
  number = 2,
  pages = {157-166},
  timestamp = {2008-09-16T23:39:19.000+0200},
  title = {Learning long-term dependencies with gradient descent is difficult},
  volume = 5,
  year = 1994
}


@inproceedings{langley00,
 author    = {P. Langley},
 title     = {Crafting Papers on Machine Learning},
 year      = {2000},
 pages     = {1207--1216},
 editor    = {Pat Langley},
 booktitle     = {Proceedings of the 17th International Conference
              on Machine Learning (ICML 2000)},
 address   = {Stanford, CA},
 publisher = {Morgan Kaufmann}
}

@TechReport{mitchell80,
  author = 	 "T. M. Mitchell",
  title = 	 "The Need for Biases in Learning Generalizations",
  institution =  "Computer Science Department, Rutgers University",
  year = 	 "1980",
  address =	 "New Brunswick, MA",
}

@phdthesis{kearns89,
  author = {M. J. Kearns},
  title =  {Computational Complexity of Machine Learning},
  school = {Department of Computer Science, Harvard University},
  year =   {1989}
}

@inproceedings{Martens2011,
  author    = {Martens, J and
               Sutskever, I},
  title     = {Learning Recurrent Neural Networks with Hessian-Free Optimization},
  booktitle = {Proceedings of the 28th International Conference on Machine Learning,
               {ICML} 2011, Bellevue, Washington, USA, June 28 - July 2, 2011},
  pages     = {1033--1040},
  year      = {2011},
}

@Book{MachineLearningI,
  editor = 	 "R. S. Michalski and J. G. Carbonell and T.
		  M. Mitchell",
  title = 	 "Machine Learning: An Artificial Intelligence
		  Approach, Vol. I",
  publisher = 	 "Tioga",
  year = 	 "1983",
  address =	 "Palo Alto, CA"
}

@Book{DudaHart2nd,
  author =       "R. O. Duda and P. E. Hart and D. G. Stork",
  title =        "Pattern Classification",
  publisher =    "John Wiley and Sons",
  edition =      "2nd",
  year =         "2000"
}

@misc{anonymous,
  title= {Suppressed for Anonymity},
  author= {Author, N. N.},
  year= {2011},
}

@InCollection{Newell81,
  author =       "A. Newell and P. S. Rosenbloom",
  title =        "Mechanisms of Skill Acquisition and the Law of
                  Practice",
  booktitle =    "Cognitive Skills and Their Acquisition",
  pages =        "1--51",
  publisher =    "Lawrence Erlbaum Associates, Inc.",
  year =         "1981",
  editor =       "J. R. Anderson",
  chapter =      "1",
  address =      "Hillsdale, NJ"
}


@Article{Samuel59,
  author = 	 "A. L. Samuel",
  title = 	 "Some Studies in Machine Learning Using the Game of
		  Checkers",
  journal =	 "IBM Journal of Research and Development",
  year =	 "1959",
  volume =	 "3",
  number =	 "3",
  pages =	 "211--229"
}

@Article{Schonemann64,
  author = 	 "P.H. Schonemann",
  title = 	 "A generalized solution to the orthogonal Procrustes problem",
  journal =	 "Psychometrika",
  year =	 "1964",
  volume =	 "31",
  pages =	 "1--10"
}

@Article{Hochreiter1997,
  author = 	 "Hochreiter, S and Schmidhuber, J",
  title = 	 "Long Short-Term Memory",
  journal =	 "Neural Computation",
  year =	 "1997",
  volume =	 "8",
  number =       "9",
  pages =	 "1735--1780"
}


@ARTICLE{Elman90findingstructure,
    author = {Jeffrey L. Elman},
    title = {Finding structure in time},
    journal = {COGNITIVE SCIENCE},
    year = {1990},
    volume = {14},
    number = {2},
    pages = {179--211}
}


@eprint{Le2015,
    eprinttype={arxiv},
    eprint = "1504.00941",
    primaryClass = "cs.SI",
    archivePrefix = "arXiv",
    author = {Le, Quoc and Jaitly, N and Hinton, G},
    title = {{A Simple Way to Initialize Recurrent Networks of Rectified Linear Units}},
    year = {2015},
    month = sep,
    url = {http://arxiv.org/abs/1504.00941}}


@eprint{Graves2013a,
    eprinttype={arxiv},
    eprint = "1308.0850",
    primaryClass = "cs.SI",
    archivePrefix = "arXiv",
    author = {Alex Graves},
    title = {{Generating Sequences with Recurrent Neural Networks}},
    year = {2013},
    month = sep,
    url = {http://arxiv.org/abs/1308.0850}}


@eprint{Zaremba2014,
    eprinttype={arxiv},
    eprint = "1409.2329",
    primaryClass = "cs.SI",
    archivePrefix = "arXiv",
    author = {Zaremba, W and Sutskever, I and Vinyals, O},
    title = {{Recurrent Neural Network Regularization}},
    year = {2014},
    month = sep,
    url = {http://arxiv.org/abs/1409.2329}}


@eprint{Mikolov2015,
    eprinttype={arxiv},
    eprint = "1412.7753",
    primaryClass = "cs.SI",
    archivePrefix = "arXiv",
    author = {Mikolov, T and Joulin, A and Chopra, S et. al},
    title = {{Learning Longer Memory in Recurrent Neural Networks}},
    year = {2015},
    month = sep,
    url = {http://arxiv.org/abs/1412.7753}}




@incollection{Krizhevsky2012,
    title = {ImageNet Classification with Deep Convolutional Neural Networks},
    author = {Alex Krizhevsky and Sutskever, Ilya and Hinton, Geoffrey E},
    booktitle = {Advances in Neural Information Processing Systems 25},
    editor = {F. Pereira and C. J. C. Burges and L. Bottou and K. Q. Weinberger},
    pages = {1097--1105},
    year = {2012},
    publisher = {Curran Associates, Inc.},
    }


@inproceedings{Sutskever2011,
     author = {Sutskever, Ilya and Martens, James and Hinton, Geoffrey},
     title = {Generating Text with Recurrent Neural Networks},
     booktitle = {Proceedings of the 28th International Conference on International Conference on Machine Learning},
     series = {ICML'11},
     year = {2011},
     isbn = {978-1-4503-0619-5},
     location = {Bellevue, Washington, USA},
     pages = {1017--1024},
     numpages = {8},
     acmid = {3104610},
     publisher = {Omnipress},
     address = {USA},
    }





@inproceedings{Cho2014LearningPR,
      title={Learning Phrase Representations using RNN Encoder-Decoder for Statistical Machine Translation},
      author={Kyunghyun Cho and Bart van Merrienboer and √áaglar G{\"u}l√ßehre and Dzmitry Bahdanau and Fethi Bougares and Holger Schwenk and Yoshua Bengio},
      booktitle={EMNLP},
      year={2014}
    }

@article{He2016DeepRL,
      title={Deep Residual Learning for Image Recognition},
      author={Kaiming He and Xiangyu Zhang and Shaoqing Ren and Jian Sun},
      journal={2016 IEEE Conference on Computer Vision and Pattern Recognition (CVPR)},
      year={2016},
      pages={770-778}
    }


@eprint{Krueger2015,
    eprinttype={arxiv},
    eprint = "1511.08400",
    primaryClass = "cs.SI",
    archivePrefix = "arXiv",
    author = {Krueger, D and Mimesevic, R},
    title = {{Regularizing RNNs by Stabilizing Activations}},
    year = {2015},
    month = sep,
    url = {http://arxiv.org/abs/1511.08400}}


@eprint{Arjovsky2015,
    eprinttype={arxiv},
    eprint = "1511.06464",
    primaryClass = "cs.SI",
    archivePrefix = "arXiv",
    author = {Arjovsky, M and Shah, A and Bengio, Y},
    title = {{Unitary Evolution Recurrent Neural Networks}},
    year = {2015},
    month = sep,
    url = {http://arxiv.org/abs/1511.06464}}

@eprint{Zaremba2015,
    eprinttype={arxiv},
    eprint = "1409.2329v4",
    primaryClass = "cs.SI",
    archivePrefix = "arXiv",
    author = {Zaremba, W and Sutskever, I},
    title = {{Recurrent Neural Network Regularization}},
    year = {2015},
    month = sep,
    url = {http://arxiv.org/pdf/1409.2329v4.pdf}}

@article{wen_yin_feasible,
  author    = {Zaiwen Wen and
               Wotao Yin},
  title     = {A feasible method for optimization with orthogonality constraints},
  journal   = {Math. Program.},
  volume    = {142},
  number    = {1-2},
  pages     = {397--434},
  year      = {2013},
  url       = {http://dx.doi.org/10.1007/s10107-012-0584-1},
  doi       = {10.1007/s10107-012-0584-1},
  timestamp = {Tue, 12 Nov 2013 21:20:24 +0100},
  biburl    = {http://dblp.uni-trier.de/rec/bib/journals/mp/WenY13},
  bibsource = {dblp computer science bibliography, http://dblp.org}
}

@article{Edelman_geometry,
 author = {Edelman, Alan and Arias, Tom\'{a}s A. and Smith, Steven T.},
 title = {The Geometry of Algorithms with Orthogonality Constraints},
 journal = {SIAM J. Matrix Anal. Appl.},
 issue_date = {April 1999},
 volume = {20},
 number = {2},
 month = apr,
 year = {1999},
 issn = {0895-4798},
 pages = {303--353},
 numpages = {51},
 url = {http://dx.doi.org/10.1137/S0895479895290954},
 doi = {10.1137/S0895479895290954},
 acmid = {305358},
 publisher = {Society for Industrial and Applied Mathematics},
 address = {Philadelphia, PA, USA},
 keywords = {Grassmann manifold, Newton's method, Rayleigh quotient iteration, Stiefel manifold, conjugate gradient, eigenvalue optimization, eigenvalues and eigenvectors, electronic structures computation, invariant subspace, orthogonality constraints, reduced gradient method, sequential quadratic programming, subspace tracking},
}

@article{FragkiadakiALM15,
  author    = {Katerina Fragkiadaki and
               Pulkit Agrawal and
               Sergey Levine and
               Jitendra Malik},
  title     = {Learning Visual Predictive Models of Physics for Playing Billiards},
  journal   = {CoRR},
  volume    = {abs/1511.07404},
  year      = {2015},
  url       = {http://arxiv.org/abs/1511.07404},
  timestamp = {Tue, 01 Dec 2015 19:22:34 +0100},
  biburl    = {http://dblp2.uni-trier.de/rec/bib/journals/corr/FragkiadakiALM15},
  bibsource = {dblp computer science bibliography, http://dblp.org}
}


@article{InteractionNet,
  added-at = {2017-01-02T00:00:00.000+0100},
  author = {Battaglia, Peter W. and Pascanu, Razvan and Lai, Matthew and Rezende, Danilo Jimenez and Kavukcuoglu, Koray},
  biburl = {http://www.bibsonomy.org/bibtex/21f4e5c52f13b5063e6b1f0a4632b4cdf/dblp},
  ee = {http://arxiv.org/abs/1612.00222},
  interhash = {b712afa8f52ce9748cfdd8de604661bc},
  intrahash = {1f4e5c52f13b5063e6b1f0a4632b4cdf},
  journal = {CoRR},
  keywords = {dblp},
  timestamp = {2017-01-03T11:34:40.000+0100},
  title = {Interaction Networks for Learning about Objects, Relations and Physics.},
  url = {http://dblp.uni-trier.de/db/journals/corr/corr1612.html#BattagliaPLRK16},
  volume = {abs/1612.00222},
  year = 2016
}

@article{Chang2016,
  author    = {Michael B. Chang and
               Tomer Ullman and
               Antonio Torralba and
               Joshua B. Tenenbaum},
  title     = {A Compositional Object-Based Approach to Learning Physical Dynamics},
  journal   = {CoRR},
  volume    = {abs/1612.00341},
  year      = {2016},
  url       = {http://arxiv.org/abs/1612.00341},
  timestamp = {Mon, 02 Jan 2017 11:09:15 +0100},
  biburl    = {http://dblp2.uni-trier.de/rec/bib/journals/corr/ChangUTT16},
  bibsource = {dblp computer science bibliography, http://dblp.org}
}


@article{weston16,
  author    = {Jason Weston},
  title     = {Dialog-based Language Learning},
  journal   = {CoRR},
  volume    = {abs/1604.06045},
  year      = {2016},
  url       = {http://arxiv.org/abs/1604.06045},
  timestamp = {Mon, 02 May 2016 18:22:52 +0200},
  biburl    = {http://dblp.uni-trier.de/rec/bib/journals/corr/Weston16},
  bibsource = {dblp computer science bibliography, http://dblp.org}
}


@article{CommNN,
  author    = {Sainbayar Sukhbaatar and
               Arthur Szlam and
               Rob Fergus},
  title     = {Learning Multiagent Communication with Backpropagation},
  journal   = {CoRR},
  volume    = {abs/1605.07736},
  year      = {2016},
  url       = {http://arxiv.org/abs/1605.07736},
  timestamp = {Wed, 01 Jun 2016 15:51:08 +0200},
  biburl    = {http://dblp.uni-trier.de/rec/bib/journals/corr/SukhbaatarSF16},
  bibsource = {dblp computer science bibliography, http://dblp.org}
}


@article{AoAReader,
  author    = {Yiming Cui and
               Zhipeng Chen and
               Si Wei and
               Shijin Wang and
               Ting Liu and
               Guoping Hu},
  title     = {Attention-over-Attention Neural Networks for Reading Comprehension},
  journal   = {CoRR},
  volume    = {abs/1607.04423},
  year      = {2016},
  url       = {http://arxiv.org/abs/1607.04423},
  timestamp = {Tue, 02 Aug 2016 12:59:27 +0200},
  biburl    = {http://dblp.uni-trier.de/rec/bib/journals/corr/CuiCWWLH16},
  bibsource = {dblp computer science bibliography, http://dblp.org}
}



@article{ADAM,
  author    = {Diederik P. Kingma and
               Jimmy Ba},
  title     = {Adam: {A} Method for Stochastic Optimization},
  journal   = {CoRR},
  volume    = {abs/1412.6980},
  year      = {2014},
  url       = {http://arxiv.org/abs/1412.6980},
  timestamp = {Thu, 01 Jan 2015 19:51:08 +0100},
  biburl    = {http://dblp.uni-trier.de/rec/bib/journals/corr/KingmaB14},
  bibsource = {dblp computer science bibliography, http://dblp.org}
}


@article{GAReader,
  author    = {Bhuwan Dhingra, Hanxiao Liu, William Cohen and Ruslan Salakhutdinov},
  title     = {Gated-Attention Readers for Text Comprehension},
  journal   = {CoRR},
  volume    = {abs/1606.01549},
  year      = {2016},
  url       = {http://arxiv.org/abs/1606.01549},
}




@article{NSE,
  author    = {Tsendsuren Munkhdalai and Hong Yu},
  title     = {Reasoning with Memory Augmented Neural Networks for Language Comprehension},
  journal   = {CoRR},
  volume    = {abs/1610.06454},
  year      = {2016},
  url       = {https://arxiv.org/abs/1610.06454},
}

@article{EpiReader,
  author    = {Adam Trischler and
               Zheng Ye and
               Xingdi Yuan and
               Kaheer Suleman},
  title     = {Natural Language Comprehension with the EpiReader},
  journal   = {CoRR},
  volume    = {abs/1606.02270},
  year      = {2016},
  url       = {http://arxiv.org/abs/1606.02270},
  timestamp = {Fri, 01 Jul 2016 17:39:49 +0200},
  biburl    = {http://dblp.uni-trier.de/rec/bib/journals/corr/TrischlerYYS16},
  bibsource = {dblp computer science bibliography, http://dblp.org}
}


@inproceedings{GRU,
  author    = {Kyunghyun Cho and
               Bart van Merrienboer and
               Dzmitry Bahdanau and
               Yoshua Bengio},
  title     = {On the Properties of Neural Machine Translation: Encoder-Decoder Approaches},
  booktitle = {Proceedings of SSST@EMNLP 2014, Eighth Workshop on Syntax, Semantics
               and Structure in Statistical Translation, Doha, Qatar, 25 October
               2014},
  pages     = {103--111},
  year      = {2014},
  url       = {http://aclweb.org/anthology/W/W14/W14-4012.pdf},
  timestamp = {Fri, 07 Oct 2016 13:15:52 +0200},
  biburl    = {http://dblp.uni-trier.de/rec/bib/conf/ssst/ChoMBB14},
  bibsource = {dblp computer science bibliography, http://dblp.org}
}









@article{LSTM,
 author = {Hochreiter, Sepp and Schmidhuber, J\"{u}rgen},
 title = {Long Short-Term Memory},
 journal = {Neural Comput.},
 issue_date = {November 15, 1997},
 volume = {9},
 number = {8},
 month = nov,
 year = {1997},
 issn = {0899-7667},
 pages = {1735--1780},
 numpages = {46},
 url = {http://dx.doi.org/10.1162/neco.1997.9.8.1735},
 doi = {10.1162/neco.1997.9.8.1735},
 acmid = {1246450},
 publisher = {MIT Press},
 address = {Cambridge, MA, USA},
}

@inproceedings{lerer-icml-2016,
  author    = {Adam Lerer and
               Sam Gross and
               Rob Fergus},
  title     = {Learning Physical Intuition of Block Towers by Example},
  booktitle = {Proceedings of the 33nd International Conference on Machine Learning,
               {ICML} 2016, New York City, NY, USA, June 19-24, 2016},
  pages     = {430--438},
  year      = {2016},
  url       = {http://jmlr.org/proceedings/papers/v48/lerer16.html},
  timestamp = {Tue, 12 Jul 2016 21:51:16 +0200},
  biburl    = {http://dblp.uni-trier.de/rec/bib/conf/icml/LererGF16},
  bibsource = {dblp computer science bibliography, http://dblp.org}
}

@INPROCEEDINGS{Lecun98,
        author = {Yann Lecun and L√©on Bottou and Yoshua Bengio and Patrick Haffner},
        title = {Gradient-based learning applied to document recognition},
        booktitle = {Proceedings of the IEEE},
        year = {1998},
        pages = {2278--2324}
    }


@article{mathieu-iclr-2016,
  author    = {Micha{\"{e}}l Mathieu and
               Camille Couprie and
               Yann LeCun},
  title     = {Deep multi-scale video prediction beyond mean square error},
  journal   = {CoRR},
  volume    = {abs/1511.05440},
  year      = {2015},
  url       = {http://arxiv.org/abs/1511.05440},
  timestamp = {Tue, 01 Dec 2015 19:22:34 +0100},
  biburl    = {http://dblp2.uni-trier.de/rec/bib/journals/corr/MathieuCL15},
  bibsource = {dblp computer science bibliography, http://dblp.org}
}


@article{RNNComplexity,
  author    = {Saizheng Zhang and
               Yuhuai Wu and
               Tong Che and
               Zhouhan Lin and
               Roland Memisevic and
               Ruslan Salakhutdinov and
               Yoshua Bengio},
  title     = {Architectural Complexity Measures of Recurrent Neural Networks},
  journal   = {CoRR},
  volume    = {abs/1602.08210},
  year      = {2016},
  url       = {http://arxiv.org/abs/1602.08210},
}


@article{GGSNN,
  author    = {Yujia Li and
               Daniel Tarlow and
               Marc Brockschmidt and
               Richard S. Zemel},
  title     = {Gated Graph Sequence Neural Networks},
  journal   = {CoRR},
  volume    = {abs/1511.05493},
  year      = {2015},
  url       = {http://arxiv.org/abs/1511.05493},
  timestamp = {Tue, 01 Dec 2015 19:22:34 +0100}
}

@article{ASReader,
  author    = {Rudolf Kadlec and
               Martin Schmid and
               Ondrej Bajgar and
               Jan Kleindienst},
  title     = {Text Understanding with the Attention Sum Reader Network},
  journal   = {CoRR},
  volume    = {abs/1603.01547},
  year      = {2016},
  url       = {http://arxiv.org/abs/1603.01547},
  timestamp = {Sat, 02 Apr 2016 11:49:48 +0200},
  biburl    = {http://dblp.uni-trier.de/rec/bib/journals/corr/KadlecSBK16},
  bibsource = {dblp computer science bibliography, http://dblp.org}
}

@article{joulin2015inferring,
  title={Inferring Algorithmic Patterns with Stack-Augmented Recurrent Nets},
  author={Joulin, Armand and Mikolov, Tomas},
  journal={arXiv preprint arXiv:1503.01007},
  year={2015}
}

@inproceedings{grefenstette2015learning,
  title={Learning to transduce with unbounded memory},
  author={Grefenstette, Edward and Hermann, Karl Moritz and Suleyman, Mustafa and Blunsom, Phil},
  booktitle={Advances in Neural Information Processing Systems},
  pages={1828--1836},
  year={2015}
}



@MISC{Torch7,
    author = {Ronan Collobert and Koray Kavukcuoglu and Cl√©ment Farabet},
    title = {Torch7: A Matlab-like Environment for Machine Learning},
    year = {2011}
}




@article{MemNet,
  author    = {Jason Weston and
               Sumit Chopra and
               Antoine Bordes},
  title     = {Memory Networks},
  journal   = {CoRR},
  volume    = {abs/1410.3916},
  year      = {2014},
  url       = {http://arxiv.org/abs/1410.3916},
  timestamp = {Sun, 02 Nov 2014 11:25:59 +0100},
  biburl    = {http://dblp.uni-trier.de/rec/bib/journals/corr/WestonCB14},
  bibsource = {dblp computer science bibliography, http://dblp.org}
}




@article{DNTM,
  author    = {Caglar Gulcehre and
               Sarath Chandar and
               Kyunghyun Cho and
               Yoshua Bengio},
  title     = {Dynamic Neural Turing Machines with Soft and Hard Addressing Schemes},
  journal   = {CoRR},
  volume    = {abs/1607.00036},
  year      = {2016},
  url       = {http://arxiv.org/abs/1607.00036},
}

@article{peng2015towards,
  title={Towards neural network-based reasoning},
  author={Peng, Baolin and Lu, Zhengdong and Li, Hang and Wong, Kam-Fai},
  journal={arXiv preprint arXiv:1508.05508},
  year={2015}
}

@article{chandar2016hierarchical,
  title={Hierarchical Memory Networks},
  author={Chandar, Sarath and Ahn, Sungjin and Larochelle, Hugo and Vincent, Pascal and Tesauro, Gerald and Bengio, Yoshua},
  journal={arXiv preprint arXiv:1605.07427},
  year={2016}
}

@article{miller2016key,
  title={Key-Value Memory Networks for Directly Reading Documents},
  author={Miller, Alexander and Fisch, Adam and Dodge, Jesse and Karimi, Amir-Hossein and Bordes, Antoine and Weston, Jason},
  journal={arXiv preprint arXiv:1606.03126},
  year={2016}
}


@ARTICLE{2016arXiv161004211P,
   author = {{Perez}, J. and {Liu}, F.},
    title = "{Gated End-to-End Memory Networks}",
  journal = {ArXiv e-prints},
archivePrefix = "arXiv",
   eprint = {1610.04211},
 primaryClass = "cs.CL",
 keywords = {Computer Science - Computation and Language, Statistics - Machine Learning},
     year = 2016,
    month = oct,
   adsurl = {http://adsabs.harvard.edu/abs/2016arXiv161004211P},
  adsnote = {Provided by the SAO/NASA Astrophysics Data System}
}


@incollection{CBT,
title = {The Goldilocks Principle: Reading Children's Books with Explicit Memory Representations},
author = {Hill, Felix and Bordes, Antoine and Chopra, Sumit and Weston, Jason},
booktitle = {Proceedings of the International Conference on Learning Representations},
year = {2016},
}

@article{dodge2015evaluating,
  title={Evaluating prerequisite qualities for learning end-to-end dialog systems},
  author={Dodge, Jesse and Gane, Andreea and Zhang, Xiang and Bordes, Antoine and Chopra, Sumit and Miller, Alexander and Szlam, Arthur and Weston, Jason},
  journal={arXiv preprint arXiv:1511.06931},
  year={2015}
}


@incollection{MemN2N,
title = {End-To-End Memory Networks},
author = {Sukhbaatar, Sainbayar and szlam, arthur and Weston, Jason and Fergus, Rob},
booktitle = {Advances in Neural Information Processing Systems 28},
editor = {C. Cortes and N. D. Lawrence and D. D. Lee and M. Sugiyama and R. Garnett},
pages = {2440--2448},
year = {2015},
publisher = {Curran Associates, Inc.},
url = {http://papers.nips.cc/paper/5846-end-to-end-memory-networks.pdf}
}


@inproceedings{DMN,
  title={Dynamic Memory Networks for Visual and Textual Question Answering},
  author={Caiming Xiong and Stephen Merity and Richard Socher},
  booktitle={ICML},
  year={2016}
}

@article{DynamicMemNet,
  added-at = {2016-07-11T20:40:21.000+0200},
  author = {Kumar, Ankit and Irsoy, Ozan and Ondruska, Peter and Iyyer, Mohit and Bradbury, James and Gulrajani, Ishaan and Zhong, Victor and Paulus, Romain and Socher, Richard},
  description = {[1506.07285] Ask Me Anything: Dynamic Memory Networks for Natural Language Processing},
  keywords = {ANN DMN DynamicMemoryNetwork NLP QA},
  note = {cite arxiv:1506.07285},
  timestamp = {2016-07-11T20:44:39.000+0200},
  title = {Ask Me Anything: Dynamic Memory Networks for Natural Language Processing},
  url = {http://arxiv.org/abs/1506.07285},
  year = 2015
}


@article{babi,
  author    = {Jason Weston and
               Antoine Bordes and
               Sumit Chopra and
               Tomas Mikolov},
  title     = {Towards AI-Complete Question Answering: {A} Set of Prerequisite Toy
               Tasks},
  journal   = {CoRR},
  volume    = {abs/1502.05698},
  year      = {2015},
  url       = {http://arxiv.org/abs/1502.05698},
  timestamp = {Mon, 02 Mar 2015 14:17:34 +0100},
  biburl    = {http://dblp2.uni-trier.de/rec/bib/journals/corr/WestonBCM15},
  bibsource = {dblp computer science bibliography, http://dblp.org}
}


@inproceedings{Sutskever14,
  author    = {Ilya Sutskever and
               Oriol Vinyals and
               Quoc V. Le},
  title     = {Sequence to Sequence Learning with Neural Networks},
  booktitle = {Advances in Neural Information Processing Systems 27: Annual Conference
               on Neural Information Processing Systems 2014, December 8-13 2014,
               Montreal, Quebec, Canada},
  pages     = {3104--3112},
  year      = {2014},
  timestamp = {Wed, 10 Dec 2014 21:34:12 +0100},
  biburl    = {http://dblp.uni-trier.de/rec/bib/conf/nips/SutskeverVL14},
  bibsource = {dblp computer science bibliography, http://dblp.org}
}


@article{Ganguli2008,
author = {Ganguli, Surya and Huh, Dongsung and Sompolinsky, Haim},
title = {Memory traces in dynamical systems},
volume = {105},
number = {48},
pages = {18970-18975},
year = {2008},
doi = {10.1073/pnas.0804451105}
}





@inproceedings{Graves2013b,
  author    = {Alex Graves and
               Abdel{-}rahman Mohamed and
               Geoffrey E. Hinton},
  title     = {Speech recognition with deep recurrent neural networks},
  booktitle = {{IEEE} International Conference on Acoustics, Speech and Signal Processing,
               {ICASSP} 2013, Vancouver, BC, Canada, May 26-31, 2013},
  pages     = {6645--6649},
  year      = {2013},
  url       = {http://dx.doi.org/10.1109/ICASSP.2013.6638947},
  doi       = {10.1109/ICASSP.2013.6638947},
  timestamp = {Sat, 02 Nov 2013 16:17:16 +0100},
  bibsource = {dblp computer science bibliography, http://dblp.org}
}

@preprint{saxe2013,
  added-at = {2014-01-07T21:05:30.000+0100},
  author = {Saxe, Andrew M. and McClelland, James L. and Ganguli, Surya},
  biburl = {http://www.bibsonomy.org/bibtex/22369554f743ca15f2b831e620e9d63b2/renatovicente},
  description = {Exact solutions to the nonlinear dynamics of learning in deep linear
  neural networks},
  keywords = {deep learning},
  note = {cite arxiv:1312.6120},
  timestamp = {2014-01-07T21:05:30.000+0100},
  title = {Exact solutions to the nonlinear dynamics of learning in deep linear
  neural networks},
  url = {http://arxiv.org/abs/1312.6120},
  year = 2013
}



@article{White2004,
 author = {White, O and Lee, D and Sompolinky, H},
 title = {Short-Term Memory in Orthogonal Neural Networks},
 journal = {Physical Review Letters},
 issue_date = {4/9/2004},
 volume = {92},
 month = april,
 year = {2004},
 issn = {14},
}





@article{Gers2003,
 author = {Gers, Felix A. and Schraudolph, Nicol N. and Schmidhuber, J\"{u}rgen},
 title = {Learning Precise Timing with Lstm Recurrent Networks},
 journal = {J. Mach. Learn. Res.},
 issue_date = {3/1/2003},
 volume = {3},
 month = mar,
 year = {2003},
 issn = {1532-4435},
 pages = {115--143},
 numpages = {29},
 url = {http://dx.doi.org/10.1162/153244303768966139},
 doi = {10.1162/153244303768966139},
 acmid = {944925},
 publisher = {JMLR.org},
 keywords = {long short-term memory, recurrent neural networks, timing},
}

@article{DNNSpeech,
    author = {Hinton, Geoffrey and Deng, Li and Yu, Dong and Dahl, George and Mohamed, Abdel-rahman and Jaitly, Navdeep and Senior, Andrew and Vanhoucke, Vincent and Nguyen, Patrick and Kingsbury, Brian and Sainath, Tara},
    title = {Deep Neural Networks for Acoustic Modeling in Speech Recognition},
    booktitle = {},
    year = {2012},
    month = {November},
    publisher = {},
    address = {},
    pages = {82-97},
    journal = {IEEE Signal Processing Magazine},
    volume = {29},
    chapter = {},
    isbn = {},
    }


@InProceedings{U-net,
    author="Ronneberger, Olaf
and Fischer, Philipp
and Brox, Thomas",
    editor="Navab, Nassir
and Hornegger, Joachim
and Wells, William M.
and Frangi, Alejandro F.",
    title="U-Net: Convolutional Networks for Biomedical Image Segmentation",
    booktitle="Medical Image Computing and Computer-Assisted Intervention -- MICCAI 2015",
    year="2015",
    publisher="Springer International Publishing",
    address="Cham",
    pages="234--241",
    isbn="978-3-319-24574-4"
    }

@article{DeepLearningNature2015,
    author = {LeCun, Yann and Bengio, Y and Hinton, Geoffrey},
    year = {2015},
    month = {05},
    pages = {436-44},
    title = {Deep Learning},
    volume = {521},
    booktitle = {Nature}
    }

@article{rumelhart1986learning,
      added-at = {2018-06-03T13:17:55.000+0200},
      author = {Rumelhart, David E. and Hinton, Geoffrey E. and Williams, Ronald J.},
      biburl = {https://www.bibsonomy.org/bibtex/25d95851c0f627ab11747a2e481ecbad6/achakraborty},
      description = {Learning representations by back-propagating errors | Nature},
      journal = {Nature},
      keywords = {deep-learning nature neural-networks paper},
      month = oct,
      pages = {533--},
      publisher = {Nature Publishing Group},
      timestamp = {2018-06-03T13:17:55.000+0200},
      title = {Learning representations by back-propagating errors},
      url = {http://dx.doi.org/10.1038/323533a0},
      volume = 323,
      year = 1986
    }


@article{DeepLearningSchmidhuber,
      author    = {J{\"{u}}rgen Schmidhuber},
      title     = {Deep Learning in Neural Networks: An Overview},
      journal   = {CoRR},
      volume    = {abs/1404.7828},
      year      = {2014},
      url       = {http://arxiv.org/abs/1404.7828},
      archivePrefix = {arXiv},
      eprint    = {1404.7828},
      timestamp = {Mon, 13 Aug 2018 16:47:28 +0200},
      biburl    = {https://dblp.org/rec/bib/journals/corr/Schmidhuber14},
      bibsource = {dblp computer science bibliography, https://dblp.org}
    }


@article{esteva2017dermatologistlevel,
      added-at = {2017-12-06T19:03:10.000+0100},
      author = {Esteva, Andre and Kuprel, Brett and Novoa, Roberto A. and Ko, Justin and Swetter, Susan M. and Blau, Helen M. and Thrun, Sebastian},
      biburl = {https://www.bibsonomy.org/bibtex/2f8eae5c376705ae9873362fa5850f85d/spdrnl},
      description = {Dermatologist-level classification of skin cancer with deep neural networks | Nature},
      interhash = {31f6f612afa8dd81e83db4c07de1d666},
      intrahash = {f8eae5c376705ae9873362fa5850f85d},
      journal = {Nature},
      keywords = {cnn medical},
      month = jan,
      pages = {115--},
      publisher = {Macmillan Publishers Limited, part of Springer Nature. All rights reserved.},
      timestamp = {2017-12-06T19:03:10.000+0100},
      title = {Dermatologist-level classification of skin cancer with deep neural networks},
      volume = 542,
      year = 2017
    }




@article{SAINATH201539,
    title = "Deep Convolutional Neural Networks for Large-scale Speech Tasks",
    journal = "Neural Networks",
    volume = "64",
    pages = "39 - 48",
    year = "2015",
    note = "Special Issue on ‚ÄúDeep Learning of Representations‚Äù",
    issn = "0893-6080",
    doi = "https://doi.org/10.1016/j.neunet.2014.08.005",
    author = "Tara N. Sainath and Brian Kingsbury and George Saon and Hagen Soltau and Abdel-rahman Mohamed and George Dahl and Bhuvana Ramabhadran",
    keywords = "Deep learning, Neural networks, Speech recognition"
    }


@inproceedings{Dagger,
      author = {Ross, St√©phane and Gordon, Geoffrey J. and Bagnell, Drew},
      biburl = {https://www.bibsonomy.org/bibtex/2ac498c87961d968024282b8d340bac48/dblp},
      booktitle = {AISTATS},
      editor = {Gordon, Geoffrey J. and Dunson, David B. and Dud√≠k, Miroslav},
      ee = {http://www.jmlr.org/proceedings/papers/v15/ross11a/ross11a.pdf},
      keywords = {dblp},
      pages = {627-635},
      publisher = {JMLR.org},
      series = {JMLR Proceedings},
      timestamp = {2015-06-18T19:52:31.000+0200},
      title = {A Reduction of Imitation Learning and Structured Prediction to No-Regret Online Learning.},
      volume = 15,
      year = 2011
    }

@inproceedings{
    lample2018word,
    title={Word translation without parallel data},
    author={Guillaume Lample and Alexis Conneau and Marc'Aurelio Ranzato and Ludovic Denoyer and Herv√© J√©gou},
    booktitle={International Conference on Learning Representations},
    year={2018},
    url={https://openreview.net/forum?id=H196sainb},
    }


@article{Jozefowicz16,
      author    = {Rafal J{\'{o}}zefowicz and
                   Oriol Vinyals and
                   Mike Schuster and
                   Noam Shazeer and
                   Yonghui Wu},
      title     = {Exploring the Limits of Language Modeling},
      journal   = {CoRR},
      volume    = {abs/1602.02410},
      year      = {2016},
      url       = {http://arxiv.org/abs/1602.02410},
      archivePrefix = {arXiv},
      eprint    = {1602.02410},
      timestamp = {Mon, 13 Aug 2018 16:48:43 +0200},
      biburl    = {https://dblp.org/rec/bib/journals/corr/JozefowiczVSSW16},
      bibsource = {dblp computer science bibliography, https://dblp.org}
    }


@PHDTHESIS{mikolov_thesis,
   author = {Tom{\'{a}}{\v{s}} Mikolov},
   title = {Statistical Language Models Based on Neural Networks},
   pages = {129},
   year = {2012},
   location = {Brno, CZ},
   language = {english},
   url = {http://www.fit.vutbr.cz/research/view_pub.php?id=10158}
}

@inproceedings{Pascanu13,
  author    = {Razvan Pascanu and
               Tomas Mikolov and
               Yoshua Bengio},
  title     = {On the difficulty of training recurrent neural networks},
  booktitle = {Proceedings of the 30th International Conference on Machine Learning,
               {ICML} 2013, Atlanta, GA, USA, 16-21 June 2013},
  pages     = {1310--1318},
  year      = {2013},
  timestamp = {Thu, 11 Sep 2014 07:28:55 +0200},
  biburl    = {http://dblp.uni-trier.de/rec/bib/conf/icml/PascanuMB13},
  bibsource = {dblp computer science bibliography, http://dblp.org}
}

@article{Bengio94,
  added-at = {2008-09-16T23:39:07.000+0200},
  author = {Bengio, Y. and Simard, P. and Frasconi, P.},
  biburl = {http://www.bibsonomy.org/bibtex/23241e3cc17a659131f52bd0f0d9a32dd/brian.mingus},
  description = {CCNLab BibTeX},
  journal = {IEEE Transactions on Neural Networks},
  keywords = {CCP JRR,},
  number = 2,
  pages = {157-166},
  timestamp = {2008-09-16T23:39:19.000+0200},
  title = {Learning long-term dependencies with gradient descent is difficult},
  volume = 5,
  year = 1994
}


@inproceedings{langley00,
 author    = {P. Langley},
 title     = {Crafting Papers on Machine Learning},
 year      = {2000},
 pages     = {1207--1216},
 editor    = {Pat Langley},
 booktitle     = {Proceedings of the 17th International Conference
              on Machine Learning (ICML 2000)},
 address   = {Stanford, CA},
 publisher = {Morgan Kaufmann}
}

@TechReport{mitchell80,
  author = 	 "T. M. Mitchell",
  title = 	 "The Need for Biases in Learning Generalizations",
  institution =  "Computer Science Department, Rutgers University",
  year = 	 "1980",
  address =	 "New Brunswick, MA",
}

@phdthesis{kearns89,
  author = {M. J. Kearns},
  title =  {Computational Complexity of Machine Learning},
  school = {Department of Computer Science, Harvard University},
  year =   {1989}
}

@inproceedings{Martens2011,
  author    = {Martens, J and
               Sutskever, I},
  title     = {Learning Recurrent Neural Networks with Hessian-Free Optimization},
  booktitle = {Proceedings of the 28th International Conference on Machine Learning,
               {ICML} 2011, Bellevue, Washington, USA, June 28 - July 2, 2011},
  pages     = {1033--1040},
  year      = {2011},
}

@Book{MachineLearningI,
  editor = 	 "R. S. Michalski and J. G. Carbonell and T.
		  M. Mitchell",
  title = 	 "Machine Learning: An Artificial Intelligence
		  Approach, Vol. I",
  publisher = 	 "Tioga",
  year = 	 "1983",
  address =	 "Palo Alto, CA"
}


@Book{MentalModels,
  editor = 	 "P.N. Johnson-Laird",
  title = 	 "Mental Models: toward a cognitive science of language, inference and consciousness",
  publisher = 	 "Cambridge University Press",
  year = 	 "1983",
  address =	 "Cambridge, U.K."
}


@Book{DudaHart2nd,
  author =       "R. O. Duda and P. E. Hart and D. G. Stork",
  title =        "Pattern Classification",
  publisher =    "John Wiley and Sons",
  edition =      "2nd",
  year =         "2000"
}

@misc{anonymous,
  title= {Suppressed for Anonymity},
  author= {Author, N. N.},
  year= {2011},
}


@article{PReLU,
  author = {He, Kaiming and Zhang, Xiangyu and Ren, Shaoqing and Sun, Jian},
  biburl = {http://www.bibsonomy.org/bibtex/26c9e541c56997bae1fa606bf131cbf90/dblp},
  ee = {http://arxiv.org/abs/1502.01852},
  journal = {CoRR},
  keywords = {dblp},
  timestamp = {2015-06-18T04:38:21.000+0200},
  title = {Delving Deep into Rectifiers: Surpassing Human-Level Performance on ImageNet Classification.},
  volume = {abs/1502.01852},
  year = 2015
}






@InCollection{Newell81,
  author =       "A. Newell and P. S. Rosenbloom",
  title =        "Mechanisms of Skill Acquisition and the Law of
                  Practice",
  booktitle =    "Cognitive Skills and Their Acquisition",
  pages =        "1--51",
  publisher =    "Lawrence Erlbaum Associates, Inc.",
  year =         "1981",
  editor =       "J. R. Anderson",
  chapter =      "1",
  address =      "Hillsdale, NJ"
}


@Article{Samuel59,
  author = 	 "A. L. Samuel",
  title = 	 "Some Studies in Machine Learning Using the Game of
		  Checkers",
  journal =	 "IBM Journal of Research and Development",
  year =	 "1959",
  volume =	 "3",
  number =	 "3",
  pages =	 "211--229"
}

@Article{Schonemann64,
  author = 	 "P.H. Schonemann",
  title = 	 "A generalized solution to the orthogonal Procrustes problem",
  journal =	 "Psychometrika",
  year =	 "1964",
  volume =	 "31",
  pages =	 "1--10"
}

@Article{Hochreiter1997,
  author = 	 "Hochreiter, S and Schmidhuber, J",
  title = 	 "Long Short-Term Memory",
  journal =	 "Neural Computation",
  year =	 "1997",
  volume =	 "8",
  number =       "9",
  pages =	 "1735--1780"
}


@ARTICLE{Elman90findingstructure,
    author = {Jeffrey L. Elman},
    title = {Finding structure in time},
    journal = {COGNITIVE SCIENCE},
    year = {1990},
    volume = {14},
    number = {2},
    pages = {179--211}
}


@eprint{Le2015,
    eprinttype={arxiv},
    eprint = "1504.00941",
    primaryClass = "cs.SI",
    archivePrefix = "arXiv",
    author = {Le, Quoc and Jaitly, N and Hinton, G},
    title = {{A Simple Way to Initialize Recurrent Networks of Rectified Linear Units}},
    year = {2015},
    month = sep,
    url = {http://arxiv.org/abs/1504.00941}}


@eprint{NTM,
    eprinttype={arxiv},
    eprint = "1410.5401",
    primaryClass = "cs.SI",
    archivePrefix = "arXiv",
    author = {Graves, Alex and Wayne, Greg and Dnihelka, Ivo},
    title = {{Neural Turing Machines}},
    year = {2014},
    month = sep,
    url = {http://arxiv.org/abs/1410.5401}}


@eprint{Graves2013a,
    eprinttype={arxiv},
    eprint = "1308.0850",
    primaryClass = "cs.SI",
    archivePrefix = "arXiv",
    author = {Alex Graves},
    title = {{Generating Sequences with Recurrent Neural Networks}},
    year = {2013},
    month = sep,
    url = {http://arxiv.org/abs/1308.0850}}



@eprint{Zaremba2014,
    eprinttype={arxiv},
    eprint = "1409.2329",
    primaryClass = "cs.SI",
    archivePrefix = "arXiv",
    author = {Zaremba, W and Sutskever, I and Vinyals, O},
    title = {{Recurrent Neural Network Regularization}},
    year = {2014},
    month = sep,
    url = {http://arxiv.org/abs/1409.2329}}


@eprint{Mikolov2015,
    eprinttype={arxiv},
    eprint = "1412.7753",
    primaryClass = "cs.SI",
    archivePrefix = "arXiv",
    author = {Mikolov, T and Joulin, A and Chopra, S et. al},
    title = {{Learning Longer Memory in Recurrent Neural Networks}},
    year = {2015},
    month = sep,
    url = {http://arxiv.org/abs/1412.7753}}



@eprint{Krueger2015,
    eprinttype={arxiv},
    eprint = "1511.08400",
    primaryClass = "cs.SI",
    archivePrefix = "arXiv",
    author = {Krueger, D and Mimesevic, R},
    title = {{Regularizing RNNs by Stabilizing Activations}},
    year = {2015},
    month = sep,
    url = {http://arxiv.org/abs/1511.08400}}


@eprint{Arjovsky2015,
    eprinttype={arxiv},
    eprint = "1511.06464",
    primaryClass = "cs.SI",
    archivePrefix = "arXiv",
    author = {Arjovsky, M and Shah, A and Bengio, Y},
    title = {{Unitary Evolution Recurrent Neural Networks}},
    year = {2015},
    month = sep,
    url = {http://arxiv.org/abs/1511.06464}}

@eprint{Zaremba2015,
    eprinttype={arxiv},
    eprint = "1409.2329v4",
    primaryClass = "cs.SI",
    archivePrefix = "arXiv",
    author = {Zaremba, W and Sutskever, I},
    title = {{Recurrent Neural Network Regularization}},
    year = {2015},
    month = sep,
    url = {http://arxiv.org/pdf/1409.2329v4.pdf}}

@article{graves2016hybrid,
  title={Hybrid computing using a neural network with dynamic external memory},
  author={Graves, Alex and Wayne, Greg and Reynolds, Malcolm and Harley, Tim and Danihelka, Ivo and Grabska-Barwi{\'n}ska, Agnieszka and Colmenarejo, Sergio G{\'o}mez and Grefenstette, Edward and Ramalho, Tiago and Agapiou, John and others},
  journal={Nature},
  year={2016},
  publisher={Nature Research}
}

@article{wen_yin_feasible,
  author    = {Zaiwen Wen and
               Wotao Yin},
  title     = {A feasible method for optimization with orthogonality constraints},
  journal   = {Math. Program.},
  volume    = {142},
  number    = {1-2},
  pages     = {397--434},
  year      = {2013},
  url       = {http://dx.doi.org/10.1007/s10107-012-0584-1},
  doi       = {10.1007/s10107-012-0584-1},
  timestamp = {Tue, 12 Nov 2013 21:20:24 +0100},
  biburl    = {http://dblp.uni-trier.de/rec/bib/journals/mp/WenY13},
  bibsource = {dblp computer science bibliography, http://dblp.org}
}

@article{Edelman_geometry,
 author = {Edelman, Alan and Arias, Tom\'{a}s A. and Smith, Steven T.},
 title = {The Geometry of Algorithms with Orthogonality Constraints},
 journal = {SIAM J. Matrix Anal. Appl.},
 issue_date = {April 1999},
 volume = {20},
 number = {2},
 month = apr,
 year = {1999},
 issn = {0895-4798},
 pages = {303--353},
 numpages = {51},
 url = {http://dx.doi.org/10.1137/S0895479895290954},
 doi = {10.1137/S0895479895290954},
 acmid = {305358},
 publisher = {Society for Industrial and Applied Mathematics},
 address = {Philadelphia, PA, USA},
 keywords = {Grassmann manifold, Newton's method, Rayleigh quotient iteration, Stiefel manifold, conjugate gradient, eigenvalue optimization, eigenvalues and eigenvectors, electronic structures computation, invariant subspace, orthogonality constraints, reduced gradient method, sequential quadratic programming, subspace tracking},
}


@article{FragkiadakiALM15,
  author    = {Katerina Fragkiadaki and
               Pulkit Agrawal and
               Sergey Levine and
               Jitendra Malik},
  title     = {Learning Visual Predictive Models of Physics for Playing Billiards},
  journal   = {CoRR},
  volume    = {abs/1511.07404},
  year      = {2015},
  url       = {http://arxiv.org/abs/1511.07404},
  timestamp = {Tue, 01 Dec 2015 19:22:34 +0100},
  biburl    = {http://dblp2.uni-trier.de/rec/bib/journals/corr/FragkiadakiALM15},
  bibsource = {dblp computer science bibliography, http://dblp.org}
}


@article{InteractionNet,
  added-at = {2017-01-02T00:00:00.000+0100},
  author = {Battaglia, Peter W. and Pascanu, Razvan and Lai, Matthew and Rezende, Danilo Jimenez and Kavukcuoglu, Koray},
  biburl = {http://www.bibsonomy.org/bibtex/21f4e5c52f13b5063e6b1f0a4632b4cdf/dblp},
  ee = {http://arxiv.org/abs/1612.00222},
  interhash = {b712afa8f52ce9748cfdd8de604661bc},
  intrahash = {1f4e5c52f13b5063e6b1f0a4632b4cdf},
  journal = {CoRR},
  keywords = {dblp},
  timestamp = {2017-01-03T11:34:40.000+0100},
  title = {Interaction Networks for Learning about Objects, Relations and Physics.},
  url = {http://dblp.uni-trier.de/db/journals/corr/corr1612.html#BattagliaPLRK16},
  volume = {abs/1612.00222},
  year = 2016
}

@article{Chang2016,
  author    = {Michael B. Chang and
               Tomer Ullman and
               Antonio Torralba and
               Joshua B. Tenenbaum},
  title     = {A Compositional Object-Based Approach to Learning Physical Dynamics},
  journal   = {CoRR},
  volume    = {abs/1612.00341},
  year      = {2016},
  url       = {http://arxiv.org/abs/1612.00341},
  timestamp = {Mon, 02 Jan 2017 11:09:15 +0100},
  biburl    = {http://dblp2.uni-trier.de/rec/bib/journals/corr/ChangUTT16},
  bibsource = {dblp computer science bibliography, http://dblp.org}
}


@article{weston16,
  author    = {Jason Weston},
  title     = {Dialog-based Language Learning},
  journal   = {CoRR},
  volume    = {abs/1604.06045},
  year      = {2016},
  url       = {http://arxiv.org/abs/1604.06045},
  timestamp = {Mon, 02 May 2016 18:22:52 +0200},
  biburl    = {http://dblp.uni-trier.de/rec/bib/journals/corr/Weston16},
  bibsource = {dblp computer science bibliography, http://dblp.org}
}


@article{CommNN,
  author    = {Sainbayar Sukhbaatar and
               Arthur Szlam and
               Rob Fergus},
  title     = {Learning Multiagent Communication with Backpropagation},
  journal   = {CoRR},
  volume    = {abs/1605.07736},
  year      = {2016},
  url       = {http://arxiv.org/abs/1605.07736},
  timestamp = {Wed, 01 Jun 2016 15:51:08 +0200},
  biburl    = {http://dblp.uni-trier.de/rec/bib/journals/corr/SukhbaatarSF16},
  bibsource = {dblp computer science bibliography, http://dblp.org}
}


@article{AoAReader,
  author    = {Yiming Cui and
               Zhipeng Chen and
               Si Wei and
               Shijin Wang and
               Ting Liu and
               Guoping Hu},
  title     = {Attention-over-Attention Neural Networks for Reading Comprehension},
  journal   = {CoRR},
  volume    = {abs/1607.04423},
  year      = {2016},
  url       = {http://arxiv.org/abs/1607.04423},
  timestamp = {Tue, 02 Aug 2016 12:59:27 +0200},
  biburl    = {http://dblp.uni-trier.de/rec/bib/journals/corr/CuiCWWLH16},
  bibsource = {dblp computer science bibliography, http://dblp.org}
}





@article{GAReader,
  author    = {Bhuwan Dhingra, Hanxiao Liu, William Cohen and Ruslan Salakhutdinov},
  title     = {Gated-Attention Readers for Text Comprehension},
  journal   = {CoRR},
  volume    = {abs/1606.01549},
  year      = {2016},
  url       = {http://arxiv.org/abs/1606.01549},
}




@article{NSE,
  author    = {Tsendsuren Munkhdalai and Hong Yu},
  title     = {Reasoning with Memory Augmented Neural Networks for Language Comprehension},
  journal   = {CoRR},
  volume    = {abs/1610.06454},
  year      = {2016},
  url       = {https://arxiv.org/abs/1610.06454},
}

@article{EpiReader,
  author    = {Adam Trischler and
               Zheng Ye and
               Xingdi Yuan and
               Kaheer Suleman},
  title     = {Natural Language Comprehension with the EpiReader},
  journal   = {CoRR},
  volume    = {abs/1606.02270},
  year      = {2016},
  url       = {http://arxiv.org/abs/1606.02270},
  timestamp = {Fri, 01 Jul 2016 17:39:49 +0200},
  biburl    = {http://dblp.uni-trier.de/rec/bib/journals/corr/TrischlerYYS16},
  bibsource = {dblp computer science bibliography, http://dblp.org}
}


@inproceedings{GRU,
  author    = {Kyunghyun Cho and
               Bart van Merrienboer and
               Dzmitry Bahdanau and
               Yoshua Bengio},
  title     = {On the Properties of Neural Machine Translation: Encoder-Decoder Approaches},
  booktitle = {Proceedings of SSST@EMNLP 2014, Eighth Workshop on Syntax, Semantics
               and Structure in Statistical Translation, Doha, Qatar, 25 October
               2014},
  pages     = {103--111},
  year      = {2014},
  url       = {http://aclweb.org/anthology/W/W14/W14-4012.pdf},
  timestamp = {Fri, 07 Oct 2016 13:15:52 +0200},
  biburl    = {http://dblp.uni-trier.de/rec/bib/conf/ssst/ChoMBB14},
  bibsource = {dblp computer science bibliography, http://dblp.org}
}









@article{LSTM,
 author = {Hochreiter, Sepp and Schmidhuber, J\"{u}rgen},
 title = {Long Short-Term Memory},
 journal = {Neural Comput.},
 issue_date = {November 15, 1997},
 volume = {9},
 number = {8},
 month = nov,
 year = {1997},
 issn = {0899-7667},
 pages = {1735--1780},
 numpages = {46},
 url = {http://dx.doi.org/10.1162/neco.1997.9.8.1735},
 doi = {10.1162/neco.1997.9.8.1735},
 acmid = {1246450},
 publisher = {MIT Press},
 address = {Cambridge, MA, USA},
}

@inproceedings{lerer-icml-2016,
  author    = {Adam Lerer and
               Sam Gross and
               Rob Fergus},
  title     = {Learning Physical Intuition of Block Towers by Example},
  booktitle = {Proceedings of the 33nd International Conference on Machine Learning,
               {ICML} 2016, New York City, NY, USA, June 19-24, 2016},
  pages     = {430--438},
  year      = {2016},
  url       = {http://jmlr.org/proceedings/papers/v48/lerer16.html},
  timestamp = {Tue, 12 Jul 2016 21:51:16 +0200},
  biburl    = {http://dblp.uni-trier.de/rec/bib/conf/icml/LererGF16},
  bibsource = {dblp computer science bibliography, http://dblp.org}
}




@article{RNNComplexity,
  author    = {Saizheng Zhang and
               Yuhuai Wu and
               Tong Che and
               Zhouhan Lin and
               Roland Memisevic and
               Ruslan Salakhutdinov and
               Yoshua Bengio},
  title     = {Architectural Complexity Measures of Recurrent Neural Networks},
  journal   = {CoRR},
  volume    = {abs/1602.08210},
  year      = {2016},
  url       = {http://arxiv.org/abs/1602.08210},
}


@article{GGSNN,
  author    = {Yujia Li and
               Daniel Tarlow and
               Marc Brockschmidt and
               Richard S. Zemel},
  title     = {Gated Graph Sequence Neural Networks},
  journal   = {CoRR},
  volume    = {abs/1511.05493},
  year      = {2015},
  url       = {http://arxiv.org/abs/1511.05493},
  timestamp = {Tue, 01 Dec 2015 19:22:34 +0100}
}

@article{ASReader,
  author    = {Rudolf Kadlec and
               Martin Schmid and
               Ondrej Bajgar and
               Jan Kleindienst},
  title     = {Text Understanding with the Attention Sum Reader Network},
  journal   = {CoRR},
  volume    = {abs/1603.01547},
  year      = {2016},
  url       = {http://arxiv.org/abs/1603.01547},
  timestamp = {Sat, 02 Apr 2016 11:49:48 +0200},
  biburl    = {http://dblp.uni-trier.de/rec/bib/journals/corr/KadlecSBK16},
  bibsource = {dblp computer science bibliography, http://dblp.org}
}

@article{joulin2015inferring,
  title={Inferring Algorithmic Patterns with Stack-Augmented Recurrent Nets},
  author={Joulin, Armand and Mikolov, Tomas},
  journal={arXiv preprint arXiv:1503.01007},
  year={2015}
}

@inproceedings{grefenstette2015learning,
  title={Learning to transduce with unbounded memory},
  author={Grefenstette, Edward and Hermann, Karl Moritz and Suleyman, Mustafa and Blunsom, Phil},
  booktitle={Advances in Neural Information Processing Systems},
  pages={1828--1836},
  year={2015}
}



@MISC{Torch7,
    author = {Ronan Collobert and Koray Kavukcuoglu and Cl√©ment Farabet},
    title = {Torch7: A Matlab-like Environment for Machine Learning},
    year = {2011}
}




@article{MemNet,
  author    = {Jason Weston and
               Sumit Chopra and
               Antoine Bordes},
  title     = {Memory Networks},
  journal   = {CoRR},
  volume    = {abs/1410.3916},
  year      = {2014},
  url       = {http://arxiv.org/abs/1410.3916},
  timestamp = {Sun, 02 Nov 2014 11:25:59 +0100},
  biburl    = {http://dblp.uni-trier.de/rec/bib/journals/corr/WestonCB14},
  bibsource = {dblp computer science bibliography, http://dblp.org}
}




@article{DNTM,
  author    = {Caglar Gulcehre and
               Sarath Chandar and
               Kyunghyun Cho and
               Yoshua Bengio},
  title     = {Dynamic Neural Turing Machines with Soft and Hard Addressing Schemes},
  journal   = {CoRR},
  volume    = {abs/1607.00036},
  year      = {2016},
  url       = {http://arxiv.org/abs/1607.00036},
}

@article{peng2015towards,
  title={Towards neural network-based reasoning},
  author={Peng, Baolin and Lu, Zhengdong and Li, Hang and Wong, Kam-Fai},
  journal={arXiv preprint arXiv:1508.05508},
  year={2015}
}

@article{chandar2016hierarchical,
  title={Hierarchical Memory Networks},
  author={Chandar, Sarath and Ahn, Sungjin and Larochelle, Hugo and Vincent, Pascal and Tesauro, Gerald and Bengio, Yoshua},
  journal={arXiv preprint arXiv:1605.07427},
  year={2016}
}

@article{miller2016key,
  title={Key-Value Memory Networks for Directly Reading Documents},
  author={Miller, Alexander and Fisch, Adam and Dodge, Jesse and Karimi, Amir-Hossein and Bordes, Antoine and Weston, Jason},
  journal={arXiv preprint arXiv:1606.03126},
  year={2016}
}


@ARTICLE{2016arXiv161004211P,
   author = {{Perez}, J. and {Liu}, F.},
    title = "{Gated End-to-End Memory Networks}",
  journal = {ArXiv e-prints},
archivePrefix = "arXiv",
   eprint = {1610.04211},
 primaryClass = "cs.CL",
 keywords = {Computer Science - Computation and Language, Statistics - Machine Learning},
     year = 2016,
    month = oct,
   adsurl = {http://adsabs.harvard.edu/abs/2016arXiv161004211P},
  adsnote = {Provided by the SAO/NASA Astrophysics Data System}
}


@incollection{CBT,
title = {The Goldilocks Principle: Reading Children's Books with Explicit Memory Representations},
author = {Hill, Felix and Bordes, Antoine and Chopra, Sumit and Weston, Jason},
booktitle = {Proceedings of the International Conference on Learning Representations},
year = {2016},
}

@article{dodge2015evaluating,
  title={Evaluating prerequisite qualities for learning end-to-end dialog systems},
  author={Dodge, Jesse and Gane, Andreea and Zhang, Xiang and Bordes, Antoine and Chopra, Sumit and Miller, Alexander and Szlam, Arthur and Weston, Jason},
  journal={arXiv preprint arXiv:1511.06931},
  year={2015}
}


@incollection{MemN2N,
title = {End-To-End Memory Networks},
author = {Sukhbaatar, Sainbayar and szlam, arthur and Weston, Jason and Fergus, Rob},
booktitle = {Advances in Neural Information Processing Systems 28},
editor = {C. Cortes and N. D. Lawrence and D. D. Lee and M. Sugiyama and R. Garnett},
pages = {2440--2448},
year = {2015},
publisher = {Curran Associates, Inc.},
url = {http://papers.nips.cc/paper/5846-end-to-end-memory-networks.pdf}
}


@inproceedings{DMN,
  title={Dynamic Memory Networks for Visual and Textual Question Answering},
  author={Caiming Xiong and Stephen Merity and Richard Socher},
  booktitle={ICML},
  year={2016}
}

@article{DynamicMemNet,
  added-at = {2016-07-11T20:40:21.000+0200},
  author = {Kumar, Ankit and Irsoy, Ozan and Ondruska, Peter and Iyyer, Mohit and Bradbury, James and Gulrajani, Ishaan and Zhong, Victor and Paulus, Romain and Socher, Richard},
  description = {[1506.07285] Ask Me Anything: Dynamic Memory Networks for Natural Language Processing},
  keywords = {ANN DMN DynamicMemoryNetwork NLP QA},
  note = {cite arxiv:1506.07285},
  timestamp = {2016-07-11T20:44:39.000+0200},
  title = {Ask Me Anything: Dynamic Memory Networks for Natural Language Processing},
  url = {http://arxiv.org/abs/1506.07285},
  year = 2015
}


@article{babi,
  author    = {Jason Weston and
               Antoine Bordes and
               Sumit Chopra and
               Tomas Mikolov},
  title     = {Towards AI-Complete Question Answering: {A} Set of Prerequisite Toy
               Tasks},
  journal   = {CoRR},
  volume    = {abs/1502.05698},
  year      = {2015},
  url       = {http://arxiv.org/abs/1502.05698},
  timestamp = {Mon, 02 Mar 2015 14:17:34 +0100},
  biburl    = {http://dblp2.uni-trier.de/rec/bib/journals/corr/WestonBCM15},
  bibsource = {dblp computer science bibliography, http://dblp.org}
}


@inproceedings{Sutskever14,
  author    = {Ilya Sutskever and
               Oriol Vinyals and
               Quoc V. Le},
  title     = {Sequence to Sequence Learning with Neural Networks},
  booktitle = {Advances in Neural Information Processing Systems 27: Annual Conference
               on Neural Information Processing Systems 2014, December 8-13 2014,
               Montreal, Quebec, Canada},
  pages     = {3104--3112},
  year      = {2014},
  timestamp = {Wed, 10 Dec 2014 21:34:12 +0100},
  biburl    = {http://dblp.uni-trier.de/rec/bib/conf/nips/SutskeverVL14},
  bibsource = {dblp computer science bibliography, http://dblp.org}
}


@article{Ganguli2008,
author = {Ganguli, Surya and Huh, Dongsung and Sompolinsky, Haim},
title = {Memory traces in dynamical systems},
volume = {105},
number = {48},
pages = {18970-18975},
year = {2008},
doi = {10.1073/pnas.0804451105}
}





@inproceedings{Graves2013b,
  author    = {Alex Graves and
               Abdel{-}rahman Mohamed and
               Geoffrey E. Hinton},
  title     = {Speech recognition with deep recurrent neural networks},
  booktitle = {{IEEE} International Conference on Acoustics, Speech and Signal Processing,
               {ICASSP} 2013, Vancouver, BC, Canada, May 26-31, 2013},
  pages     = {6645--6649},
  year      = {2013},
  url       = {http://dx.doi.org/10.1109/ICASSP.2013.6638947},
  doi       = {10.1109/ICASSP.2013.6638947},
  timestamp = {Sat, 02 Nov 2013 16:17:16 +0100},
  bibsource = {dblp computer science bibliography, http://dblp.org}
}

@preprint{saxe2013,
  added-at = {2014-01-07T21:05:30.000+0100},
  author = {Saxe, Andrew M. and McClelland, James L. and Ganguli, Surya},
  biburl = {http://www.bibsonomy.org/bibtex/22369554f743ca15f2b831e620e9d63b2/renatovicente},
  description = {Exact solutions to the nonlinear dynamics of learning in deep linear
  neural networks},
  keywords = {deep learning},
  note = {cite arxiv:1312.6120},
  timestamp = {2014-01-07T21:05:30.000+0100},
  title = {Exact solutions to the nonlinear dynamics of learning in deep linear
  neural networks},
  url = {http://arxiv.org/abs/1312.6120},
  year = 2013
}



@article{White2004,
 author = {White, O and Lee, D and Sompolinky, H},
 title = {Short-Term Memory in Orthogonal Neural Networks},
 journal = {Physical Review Letters},
 issue_date = {4/9/2004},
 volume = {92},
 month = april,
 year = {2004},
 issn = {14},
}





@article{Gers2003,
 author = {Gers, Felix A. and Schraudolph, Nicol N. and Schmidhuber, J\"{u}rgen},
 title = {Learning Precise Timing with Lstm Recurrent Networks},
 journal = {J. Mach. Learn. Res.},
 issue_date = {3/1/2003},
 volume = {3},
 month = mar,
 year = {2003},
 issn = {1532-4435},
 pages = {115--143},
 numpages = {29},
 url = {http://dx.doi.org/10.1162/153244303768966139},
 doi = {10.1162/153244303768966139},
 acmid = {944925},
 publisher = {JMLR.org},
 keywords = {long short-term memory, recurrent neural networks, timing},
}

@PHDTHESIS{mikolov_thesis,
   author = {Tom{\'{a}}{\v{s}} Mikolov},
   title = {Statistical Language Models Based on Neural Networks},
   pages = {129},
   year = {2012},
   location = {Brno, CZ},
   language = {english},
   url = {http://www.fit.vutbr.cz/research/view_pub.php?id=10158}
}

@inproceedings{Pascanu13,
  author    = {Razvan Pascanu and
               Tomas Mikolov and
               Yoshua Bengio},
  title     = {On the difficulty of training recurrent neural networks},
  booktitle = {Proceedings of the 30th International Conference on Machine Learning,
               {ICML} 2013, Atlanta, GA, USA, 16-21 June 2013},
  pages     = {1310--1318},
  year      = {2013},
  timestamp = {Thu, 11 Sep 2014 07:28:55 +0200},
  biburl    = {http://dblp.uni-trier.de/rec/bib/conf/icml/PascanuMB13},
  bibsource = {dblp computer science bibliography, http://dblp.org}
}

@article{Bengio94,
  added-at = {2008-09-16T23:39:07.000+0200},
  author = {Bengio, Y. and Simard, P. and Frasconi, P.},
  biburl = {http://www.bibsonomy.org/bibtex/23241e3cc17a659131f52bd0f0d9a32dd/brian.mingus},
  description = {CCNLab BibTeX},
  journal = {IEEE Transactions on Neural Networks},
  keywords = {CCP JRR,},
  number = 2,
  pages = {157-166},
  timestamp = {2008-09-16T23:39:19.000+0200},
  title = {Learning long-term dependencies with gradient descent is difficult},
  volume = 5,
  year = 1994
}


@inproceedings{langley00,
 author    = {P. Langley},
 title     = {Crafting Papers on Machine Learning},
 year      = {2000},
 pages     = {1207--1216},
 editor    = {Pat Langley},
 booktitle     = {Proceedings of the 17th International Conference
              on Machine Learning (ICML 2000)},
 address   = {Stanford, CA},
 publisher = {Morgan Kaufmann}
}

@TechReport{mitchell80,
  author = 	 "T. M. Mitchell",
  title = 	 "The Need for Biases in Learning Generalizations",
  institution =  "Computer Science Department, Rutgers University",
  year = 	 "1980",
  address =	 "New Brunswick, MA",
}

@phdthesis{kearns89,
  author = {M. J. Kearns},
  title =  {Computational Complexity of Machine Learning},
  school = {Department of Computer Science, Harvard University},
  year =   {1989}
}

@inproceedings{Martens2011,
  author    = {Martens, J and
               Sutskever, I},
  title     = {Learning Recurrent Neural Networks with Hessian-Free Optimization},
  booktitle = {Proceedings of the 28th International Conference on Machine Learning,
               {ICML} 2011, Bellevue, Washington, USA, June 28 - July 2, 2011},
  pages     = {1033--1040},
  year      = {2011},
}

@Book{MachineLearningI,
  editor = 	 "R. S. Michalski and J. G. Carbonell and T.
		  M. Mitchell",
  title = 	 "Machine Learning: An Artificial Intelligence
		  Approach, Vol. I",
  publisher = 	 "Tioga",
  year = 	 "1983",
  address =	 "Palo Alto, CA"
}


@Book{MentalModels,
  editor = 	 "P.N. Johnson-Laird",
  title = 	 "Mental Models: toward a cognitive science of language, inference and consciousness",
  publisher = 	 "Cambridge University Press",
  year = 	 "1983",
  address =	 "Cambridge, U.K."
}


@Book{DudaHart2nd,
  author =       "R. O. Duda and P. E. Hart and D. G. Stork",
  title =        "Pattern Classification",
  publisher =    "John Wiley and Sons",
  edition =      "2nd",
  year =         "2000"
}

@misc{anonymous,
  title= {Suppressed for Anonymity},
  author= {Author, N. N.},
  year= {2011},
}


@article{PReLU,
  author = {He, Kaiming and Zhang, Xiangyu and Ren, Shaoqing and Sun, Jian},
  biburl = {http://www.bibsonomy.org/bibtex/26c9e541c56997bae1fa606bf131cbf90/dblp},
  ee = {http://arxiv.org/abs/1502.01852},
  journal = {CoRR},
  keywords = {dblp},
  timestamp = {2015-06-18T04:38:21.000+0200},
  title = {Delving Deep into Rectifiers: Surpassing Human-Level Performance on ImageNet Classification.},
  volume = {abs/1502.01852},
  year = 2015
}






@InCollection{Newell81,
  author =       "A. Newell and P. S. Rosenbloom",
  title =        "Mechanisms of Skill Acquisition and the Law of
                  Practice",
  booktitle =    "Cognitive Skills and Their Acquisition",
  pages =        "1--51",
  publisher =    "Lawrence Erlbaum Associates, Inc.",
  year =         "1981",
  editor =       "J. R. Anderson",
  chapter =      "1",
  address =      "Hillsdale, NJ"
}


@Article{Samuel59,
  author = 	 "A. L. Samuel",
  title = 	 "Some Studies in Machine Learning Using the Game of
		  Checkers",
  journal =	 "IBM Journal of Research and Development",
  year =	 "1959",
  volume =	 "3",
  number =	 "3",
  pages =	 "211--229"
}

@Article{Schonemann64,
  author = 	 "P.H. Schonemann",
  title = 	 "A generalized solution to the orthogonal Procrustes problem",
  journal =	 "Psychometrika",
  year =	 "1964",
  volume =	 "31",
  pages =	 "1--10"
}

@Article{Hochreiter1997,
  author = 	 "Hochreiter, S and Schmidhuber, J",
  title = 	 "Long Short-Term Memory",
  journal =	 "Neural Computation",
  year =	 "1997",
  volume =	 "8",
  number =       "9",
  pages =	 "1735--1780"
}


@ARTICLE{Elman90findingstructure,
    author = {Jeffrey L. Elman},
    title = {Finding structure in time},
    journal = {COGNITIVE SCIENCE},
    year = {1990},
    volume = {14},
    number = {2},
    pages = {179--211}
}


@eprint{Le2015,
    eprinttype={arxiv},
    eprint = "1504.00941",
    primaryClass = "cs.SI",
    archivePrefix = "arXiv",
    author = {Le, Quoc and Jaitly, N and Hinton, G},
    title = {{A Simple Way to Initialize Recurrent Networks of Rectified Linear Units}},
    year = {2015},
    month = sep,
    url = {http://arxiv.org/abs/1504.00941}}


@eprint{NTM,
    eprinttype={arxiv},
    eprint = "1410.5401",
    primaryClass = "cs.SI",
    archivePrefix = "arXiv",
    author = {Graves, Alex and Wayne, Greg and Dnihelka, Ivo},
    title = {{Neural Turing Machines}},
    year = {2014},
    month = sep,
    url = {http://arxiv.org/abs/1410.5401}}


@eprint{Graves2013a,
    eprinttype={arxiv},
    eprint = "1308.0850",
    primaryClass = "cs.SI",
    archivePrefix = "arXiv",
    author = {Alex Graves},
    title = {{Generating Sequences with Recurrent Neural Networks}},
    year = {2013},
    month = sep,
    url = {http://arxiv.org/abs/1308.0850}}



@eprint{Zaremba2014,
    eprinttype={arxiv},
    eprint = "1409.2329",
    primaryClass = "cs.SI",
    archivePrefix = "arXiv",
    author = {Zaremba, W and Sutskever, I and Vinyals, O},
    title = {{Recurrent Neural Network Regularization}},
    year = {2014},
    month = sep,
    url = {http://arxiv.org/abs/1409.2329}}


@eprint{Mikolov2015,
    eprinttype={arxiv},
    eprint = "1412.7753",
    primaryClass = "cs.SI",
    archivePrefix = "arXiv",
    author = {Mikolov, T and Joulin, A and Chopra, S et. al},
    title = {{Learning Longer Memory in Recurrent Neural Networks}},
    year = {2015},
    month = sep,
    url = {http://arxiv.org/abs/1412.7753}}



@eprint{Krueger2015,
    eprinttype={arxiv},
    eprint = "1511.08400",
    primaryClass = "cs.SI",
    archivePrefix = "arXiv",
    author = {Krueger, D and Mimesevic, R},
    title = {{Regularizing RNNs by Stabilizing Activations}},
    year = {2015},
    month = sep,
    url = {http://arxiv.org/abs/1511.08400}}


@eprint{Arjovsky2015,
    eprinttype={arxiv},
    eprint = "1511.06464",
    primaryClass = "cs.SI",
    archivePrefix = "arXiv",
    author = {Arjovsky, M and Shah, A and Bengio, Y},
    title = {{Unitary Evolution Recurrent Neural Networks}},
    year = {2015},
    month = sep,
    url = {http://arxiv.org/abs/1511.06464}}

@eprint{Zaremba2015,
    eprinttype={arxiv},
    eprint = "1409.2329v4",
    primaryClass = "cs.SI",
    archivePrefix = "arXiv",
    author = {Zaremba, W and Sutskever, I},
    title = {{Recurrent Neural Network Regularization}},
    year = {2015},
    month = sep,
    url = {http://arxiv.org/pdf/1409.2329v4.pdf}}

@article{graves2016hybrid,
  title={Hybrid computing using a neural network with dynamic external memory},
  author={Graves, Alex and Wayne, Greg and Reynolds, Malcolm and Harley, Tim and Danihelka, Ivo and Grabska-Barwi{\'n}ska, Agnieszka and Colmenarejo, Sergio G{\'o}mez and Grefenstette, Edward and Ramalho, Tiago and Agapiou, John and others},
  journal={Nature},
  year={2016},
  publisher={Nature Research}
}

@article{wen_yin_feasible,
  author    = {Zaiwen Wen and
               Wotao Yin},
  title     = {A feasible method for optimization with orthogonality constraints},
  journal   = {Math. Program.},
  volume    = {142},
  number    = {1-2},
  pages     = {397--434},
  year      = {2013},
  url       = {http://dx.doi.org/10.1007/s10107-012-0584-1},
  doi       = {10.1007/s10107-012-0584-1},
  timestamp = {Tue, 12 Nov 2013 21:20:24 +0100},
  biburl    = {http://dblp.uni-trier.de/rec/bib/journals/mp/WenY13},
  bibsource = {dblp computer science bibliography, http://dblp.org}
}

@article{Edelman_geometry,
 author = {Edelman, Alan and Arias, Tom\'{a}s A. and Smith, Steven T.},
 title = {The Geometry of Algorithms with Orthogonality Constraints},
 journal = {SIAM J. Matrix Anal. Appl.},
 issue_date = {April 1999},
 volume = {20},
 number = {2},
 month = apr,
 year = {1999},
 issn = {0895-4798},
 pages = {303--353},
 numpages = {51},
 url = {http://dx.doi.org/10.1137/S0895479895290954},
 doi = {10.1137/S0895479895290954},
 acmid = {305358},
 publisher = {Society for Industrial and Applied Mathematics},
 address = {Philadelphia, PA, USA},
 keywords = {Grassmann manifold, Newton's method, Rayleigh quotient iteration, Stiefel manifold, conjugate gradient, eigenvalue optimization, eigenvalues and eigenvectors, electronic structures computation, invariant subspace, orthogonality constraints, reduced gradient method, sequential quadratic programming, subspace tracking},
}


@article{FragkiadakiALM15,
  author    = {Katerina Fragkiadaki and
               Pulkit Agrawal and
               Sergey Levine and
               Jitendra Malik},
  title     = {Learning Visual Predictive Models of Physics for Playing Billiards},
  journal   = {CoRR},
  volume    = {abs/1511.07404},
  year      = {2015},
  url       = {http://arxiv.org/abs/1511.07404},
  timestamp = {Tue, 01 Dec 2015 19:22:34 +0100},
  biburl    = {http://dblp2.uni-trier.de/rec/bib/journals/corr/FragkiadakiALM15},
  bibsource = {dblp computer science bibliography, http://dblp.org}
}


@article{InteractionNet,
  added-at = {2017-01-02T00:00:00.000+0100},
  author = {Battaglia, Peter W. and Pascanu, Razvan and Lai, Matthew and Rezende, Danilo Jimenez and Kavukcuoglu, Koray},
  biburl = {http://www.bibsonomy.org/bibtex/21f4e5c52f13b5063e6b1f0a4632b4cdf/dblp},
  ee = {http://arxiv.org/abs/1612.00222},
  interhash = {b712afa8f52ce9748cfdd8de604661bc},
  intrahash = {1f4e5c52f13b5063e6b1f0a4632b4cdf},
  journal = {CoRR},
  keywords = {dblp},
  timestamp = {2017-01-03T11:34:40.000+0100},
  title = {Interaction Networks for Learning about Objects, Relations and Physics.},
  url = {http://dblp.uni-trier.de/db/journals/corr/corr1612.html#BattagliaPLRK16},
  volume = {abs/1612.00222},
  year = 2016
}

@article{Chang2016,
  author    = {Michael B. Chang and
               Tomer Ullman and
               Antonio Torralba and
               Joshua B. Tenenbaum},
  title     = {A Compositional Object-Based Approach to Learning Physical Dynamics},
  journal   = {CoRR},
  volume    = {abs/1612.00341},
  year      = {2016},
  url       = {http://arxiv.org/abs/1612.00341},
  timestamp = {Mon, 02 Jan 2017 11:09:15 +0100},
  biburl    = {http://dblp2.uni-trier.de/rec/bib/journals/corr/ChangUTT16},
  bibsource = {dblp computer science bibliography, http://dblp.org}
}


@article{weston16,
  author    = {Jason Weston},
  title     = {Dialog-based Language Learning},
  journal   = {CoRR},
  volume    = {abs/1604.06045},
  year      = {2016},
  url       = {http://arxiv.org/abs/1604.06045},
  timestamp = {Mon, 02 May 2016 18:22:52 +0200},
  biburl    = {http://dblp.uni-trier.de/rec/bib/journals/corr/Weston16},
  bibsource = {dblp computer science bibliography, http://dblp.org}
}


@article{CommNN,
  author    = {Sainbayar Sukhbaatar and
               Arthur Szlam and
               Rob Fergus},
  title     = {Learning Multiagent Communication with Backpropagation},
  journal   = {CoRR},
  volume    = {abs/1605.07736},
  year      = {2016},
  url       = {http://arxiv.org/abs/1605.07736},
  timestamp = {Wed, 01 Jun 2016 15:51:08 +0200},
  biburl    = {http://dblp.uni-trier.de/rec/bib/journals/corr/SukhbaatarSF16},
  bibsource = {dblp computer science bibliography, http://dblp.org}
}


@article{AoAReader,
  author    = {Yiming Cui and
               Zhipeng Chen and
               Si Wei and
               Shijin Wang and
               Ting Liu and
               Guoping Hu},
  title     = {Attention-over-Attention Neural Networks for Reading Comprehension},
  journal   = {CoRR},
  volume    = {abs/1607.04423},
  year      = {2016},
  url       = {http://arxiv.org/abs/1607.04423},
  timestamp = {Tue, 02 Aug 2016 12:59:27 +0200},
  biburl    = {http://dblp.uni-trier.de/rec/bib/journals/corr/CuiCWWLH16},
  bibsource = {dblp computer science bibliography, http://dblp.org}
}





@article{GAReader,
  author    = {Bhuwan Dhingra, Hanxiao Liu, William Cohen and Ruslan Salakhutdinov},
  title     = {Gated-Attention Readers for Text Comprehension},
  journal   = {CoRR},
  volume    = {abs/1606.01549},
  year      = {2016},
  url       = {http://arxiv.org/abs/1606.01549},
}




@article{NSE,
  author    = {Tsendsuren Munkhdalai and Hong Yu},
  title     = {Reasoning with Memory Augmented Neural Networks for Language Comprehension},
  journal   = {CoRR},
  volume    = {abs/1610.06454},
  year      = {2016},
  url       = {https://arxiv.org/abs/1610.06454},
}

@article{EpiReader,
  author    = {Adam Trischler and
               Zheng Ye and
               Xingdi Yuan and
               Kaheer Suleman},
  title     = {Natural Language Comprehension with the EpiReader},
  journal   = {CoRR},
  volume    = {abs/1606.02270},
  year      = {2016},
  url       = {http://arxiv.org/abs/1606.02270},
  timestamp = {Fri, 01 Jul 2016 17:39:49 +0200},
  biburl    = {http://dblp.uni-trier.de/rec/bib/journals/corr/TrischlerYYS16},
  bibsource = {dblp computer science bibliography, http://dblp.org}
}


@inproceedings{GRU,
  author    = {Kyunghyun Cho and
               Bart van Merrienboer and
               Dzmitry Bahdanau and
               Yoshua Bengio},
  title     = {On the Properties of Neural Machine Translation: Encoder-Decoder Approaches},
  booktitle = {Proceedings of SSST@EMNLP 2014, Eighth Workshop on Syntax, Semantics
               and Structure in Statistical Translation, Doha, Qatar, 25 October
               2014},
  pages     = {103--111},
  year      = {2014},
  url       = {http://aclweb.org/anthology/W/W14/W14-4012.pdf},
  timestamp = {Fri, 07 Oct 2016 13:15:52 +0200},
  biburl    = {http://dblp.uni-trier.de/rec/bib/conf/ssst/ChoMBB14},
  bibsource = {dblp computer science bibliography, http://dblp.org}
}









@article{LSTM,
 author = {Hochreiter, Sepp and Schmidhuber, J\"{u}rgen},
 title = {Long Short-Term Memory},
 journal = {Neural Comput.},
 issue_date = {November 15, 1997},
 volume = {9},
 number = {8},
 month = nov,
 year = {1997},
 issn = {0899-7667},
 pages = {1735--1780},
 numpages = {46},
 url = {http://dx.doi.org/10.1162/neco.1997.9.8.1735},
 doi = {10.1162/neco.1997.9.8.1735},
 acmid = {1246450},
 publisher = {MIT Press},
 address = {Cambridge, MA, USA},
}

@inproceedings{lerer-icml-2016,
  author    = {Adam Lerer and
               Sam Gross and
               Rob Fergus},
  title     = {Learning Physical Intuition of Block Towers by Example},
  booktitle = {Proceedings of the 33nd International Conference on Machine Learning,
               {ICML} 2016, New York City, NY, USA, June 19-24, 2016},
  pages     = {430--438},
  year      = {2016},
  url       = {http://jmlr.org/proceedings/papers/v48/lerer16.html},
  timestamp = {Tue, 12 Jul 2016 21:51:16 +0200},
  biburl    = {http://dblp.uni-trier.de/rec/bib/conf/icml/LererGF16},
  bibsource = {dblp computer science bibliography, http://dblp.org}
}




@article{RNNComplexity,
  author    = {Saizheng Zhang and
               Yuhuai Wu and
               Tong Che and
               Zhouhan Lin and
               Roland Memisevic and
               Ruslan Salakhutdinov and
               Yoshua Bengio},
  title     = {Architectural Complexity Measures of Recurrent Neural Networks},
  journal   = {CoRR},
  volume    = {abs/1602.08210},
  year      = {2016},
  url       = {http://arxiv.org/abs/1602.08210},
}


@article{GGSNN,
  author    = {Yujia Li and
               Daniel Tarlow and
               Marc Brockschmidt and
               Richard S. Zemel},
  title     = {Gated Graph Sequence Neural Networks},
  journal   = {CoRR},
  volume    = {abs/1511.05493},
  year      = {2015},
  url       = {http://arxiv.org/abs/1511.05493},
  timestamp = {Tue, 01 Dec 2015 19:22:34 +0100}
}

@article{ASReader,
  author    = {Rudolf Kadlec and
               Martin Schmid and
               Ondrej Bajgar and
               Jan Kleindienst},
  title     = {Text Understanding with the Attention Sum Reader Network},
  journal   = {CoRR},
  volume    = {abs/1603.01547},
  year      = {2016},
  url       = {http://arxiv.org/abs/1603.01547},
  timestamp = {Sat, 02 Apr 2016 11:49:48 +0200},
  biburl    = {http://dblp.uni-trier.de/rec/bib/journals/corr/KadlecSBK16},
  bibsource = {dblp computer science bibliography, http://dblp.org}
}

@article{joulin2015inferring,
  title={Inferring Algorithmic Patterns with Stack-Augmented Recurrent Nets},
  author={Joulin, Armand and Mikolov, Tomas},
  journal={arXiv preprint arXiv:1503.01007},
  year={2015}
}

@inproceedings{grefenstette2015learning,
  title={Learning to transduce with unbounded memory},
  author={Grefenstette, Edward and Hermann, Karl Moritz and Suleyman, Mustafa and Blunsom, Phil},
  booktitle={Advances in Neural Information Processing Systems},
  pages={1828--1836},
  year={2015}
}



@MISC{Torch7,
    author = {Ronan Collobert and Koray Kavukcuoglu and Cl√©ment Farabet},
    title = {Torch7: A Matlab-like Environment for Machine Learning},
    year = {2011}
}




@article{MemNet,
  author    = {Jason Weston and
               Sumit Chopra and
               Antoine Bordes},
  title     = {Memory Networks},
  journal   = {CoRR},
  volume    = {abs/1410.3916},
  year      = {2014},
  url       = {http://arxiv.org/abs/1410.3916},
  timestamp = {Sun, 02 Nov 2014 11:25:59 +0100},
  biburl    = {http://dblp.uni-trier.de/rec/bib/journals/corr/WestonCB14},
  bibsource = {dblp computer science bibliography, http://dblp.org}
}




@article{DNTM,
  author    = {Caglar Gulcehre and
               Sarath Chandar and
               Kyunghyun Cho and
               Yoshua Bengio},
  title     = {Dynamic Neural Turing Machines with Soft and Hard Addressing Schemes},
  journal   = {CoRR},
  volume    = {abs/1607.00036},
  year      = {2016},
  url       = {http://arxiv.org/abs/1607.00036},
}

@article{peng2015towards,
  title={Towards neural network-based reasoning},
  author={Peng, Baolin and Lu, Zhengdong and Li, Hang and Wong, Kam-Fai},
  journal={arXiv preprint arXiv:1508.05508},
  year={2015}
}

@article{chandar2016hierarchical,
  title={Hierarchical Memory Networks},
  author={Chandar, Sarath and Ahn, Sungjin and Larochelle, Hugo and Vincent, Pascal and Tesauro, Gerald and Bengio, Yoshua},
  journal={arXiv preprint arXiv:1605.07427},
  year={2016}
}

@article{miller2016key,
  title={Key-Value Memory Networks for Directly Reading Documents},
  author={Miller, Alexander and Fisch, Adam and Dodge, Jesse and Karimi, Amir-Hossein and Bordes, Antoine and Weston, Jason},
  journal={arXiv preprint arXiv:1606.03126},
  year={2016}
}


@ARTICLE{2016arXiv161004211P,
   author = {{Perez}, J. and {Liu}, F.},
    title = "{Gated End-to-End Memory Networks}",
  journal = {ArXiv e-prints},
archivePrefix = "arXiv",
   eprint = {1610.04211},
 primaryClass = "cs.CL",
 keywords = {Computer Science - Computation and Language, Statistics - Machine Learning},
     year = 2016,
    month = oct,
   adsurl = {http://adsabs.harvard.edu/abs/2016arXiv161004211P},
  adsnote = {Provided by the SAO/NASA Astrophysics Data System}
}


@incollection{CBT,
title = {The Goldilocks Principle: Reading Children's Books with Explicit Memory Representations},
author = {Hill, Felix and Bordes, Antoine and Chopra, Sumit and Weston, Jason},
booktitle = {Proceedings of the International Conference on Learning Representations},
year = {2016},
}

@article{dodge2015evaluating,
  title={Evaluating prerequisite qualities for learning end-to-end dialog systems},
  author={Dodge, Jesse and Gane, Andreea and Zhang, Xiang and Bordes, Antoine and Chopra, Sumit and Miller, Alexander and Szlam, Arthur and Weston, Jason},
  journal={arXiv preprint arXiv:1511.06931},
  year={2015}
}


@incollection{MemN2N,
title = {End-To-End Memory Networks},
author = {Sukhbaatar, Sainbayar and szlam, arthur and Weston, Jason and Fergus, Rob},
booktitle = {Advances in Neural Information Processing Systems 28},
editor = {C. Cortes and N. D. Lawrence and D. D. Lee and M. Sugiyama and R. Garnett},
pages = {2440--2448},
year = {2015},
publisher = {Curran Associates, Inc.},
url = {http://papers.nips.cc/paper/5846-end-to-end-memory-networks.pdf}
}


@inproceedings{DMN,
  title={Dynamic Memory Networks for Visual and Textual Question Answering},
  author={Caiming Xiong and Stephen Merity and Richard Socher},
  booktitle={ICML},
  year={2016}
}

@article{DynamicMemNet,
  added-at = {2016-07-11T20:40:21.000+0200},
  author = {Kumar, Ankit and Irsoy, Ozan and Ondruska, Peter and Iyyer, Mohit and Bradbury, James and Gulrajani, Ishaan and Zhong, Victor and Paulus, Romain and Socher, Richard},
  description = {[1506.07285] Ask Me Anything: Dynamic Memory Networks for Natural Language Processing},
  keywords = {ANN DMN DynamicMemoryNetwork NLP QA},
  note = {cite arxiv:1506.07285},
  timestamp = {2016-07-11T20:44:39.000+0200},
  title = {Ask Me Anything: Dynamic Memory Networks for Natural Language Processing},
  url = {http://arxiv.org/abs/1506.07285},
  year = 2015
}


@article{babi,
  author    = {Jason Weston and
               Antoine Bordes and
               Sumit Chopra and
               Tomas Mikolov},
  title     = {Towards AI-Complete Question Answering: {A} Set of Prerequisite Toy
               Tasks},
  journal   = {CoRR},
  volume    = {abs/1502.05698},
  year      = {2015},
  url       = {http://arxiv.org/abs/1502.05698},
  timestamp = {Mon, 02 Mar 2015 14:17:34 +0100},
  biburl    = {http://dblp2.uni-trier.de/rec/bib/journals/corr/WestonBCM15},
  bibsource = {dblp computer science bibliography, http://dblp.org}
}


@inproceedings{Sutskever14,
  author    = {Ilya Sutskever and
               Oriol Vinyals and
               Quoc V. Le},
  title     = {Sequence to Sequence Learning with Neural Networks},
  booktitle = {Advances in Neural Information Processing Systems 27: Annual Conference
               on Neural Information Processing Systems 2014, December 8-13 2014,
               Montreal, Quebec, Canada},
  pages     = {3104--3112},
  year      = {2014},
  timestamp = {Wed, 10 Dec 2014 21:34:12 +0100},
  biburl    = {http://dblp.uni-trier.de/rec/bib/conf/nips/SutskeverVL14},
  bibsource = {dblp computer science bibliography, http://dblp.org}
}


@article{Ganguli2008,
author = {Ganguli, Surya and Huh, Dongsung and Sompolinsky, Haim},
title = {Memory traces in dynamical systems},
volume = {105},
number = {48},
pages = {18970-18975},
year = {2008},
doi = {10.1073/pnas.0804451105}
}





@inproceedings{Graves2013b,
  author    = {Alex Graves and
               Abdel{-}rahman Mohamed and
               Geoffrey E. Hinton},
  title     = {Speech recognition with deep recurrent neural networks},
  booktitle = {{IEEE} International Conference on Acoustics, Speech and Signal Processing,
               {ICASSP} 2013, Vancouver, BC, Canada, May 26-31, 2013},
  pages     = {6645--6649},
  year      = {2013},
  url       = {http://dx.doi.org/10.1109/ICASSP.2013.6638947},
  doi       = {10.1109/ICASSP.2013.6638947},
  timestamp = {Sat, 02 Nov 2013 16:17:16 +0100},
  bibsource = {dblp computer science bibliography, http://dblp.org}
}

@preprint{saxe2013,
  added-at = {2014-01-07T21:05:30.000+0100},
  author = {Saxe, Andrew M. and McClelland, James L. and Ganguli, Surya},
  biburl = {http://www.bibsonomy.org/bibtex/22369554f743ca15f2b831e620e9d63b2/renatovicente},
  description = {Exact solutions to the nonlinear dynamics of learning in deep linear
  neural networks},
  keywords = {deep learning},
  note = {cite arxiv:1312.6120},
  timestamp = {2014-01-07T21:05:30.000+0100},
  title = {Exact solutions to the nonlinear dynamics of learning in deep linear
  neural networks},
  url = {http://arxiv.org/abs/1312.6120},
  year = 2013
}



@article{White2004,
 author = {White, O and Lee, D and Sompolinky, H},
 title = {Short-Term Memory in Orthogonal Neural Networks},
 journal = {Physical Review Letters},
 issue_date = {4/9/2004},
 volume = {92},
 month = april,
 year = {2004},
 issn = {14},
}





@article{Gers2003,
 author = {Gers, Felix A. and Schraudolph, Nicol N. and Schmidhuber, J\"{u}rgen},
 title = {Learning Precise Timing with Lstm Recurrent Networks},
 journal = {J. Mach. Learn. Res.},
 issue_date = {3/1/2003},
 volume = {3},
 month = mar,
 year = {2003},
 issn = {1532-4435},
 pages = {115--143},
 numpages = {29},
 url = {http://dx.doi.org/10.1162/153244303768966139},
 doi = {10.1162/153244303768966139},
 acmid = {944925},
 publisher = {JMLR.org},
 keywords = {long short-term memory, recurrent neural networks, timing},
}

@PHDTHESIS{mikolov_thesis,
   author = {Tom{\'{a}}{\v{s}} Mikolov},
   title = {Statistical Language Models Based on Neural Networks},
   pages = {129},
   year = {2012},
   location = {Brno, CZ},
   language = {english},
   url = {http://www.fit.vutbr.cz/research/view_pub.php?id=10158}
}

@inproceedings{Pascanu13,
  author    = {Razvan Pascanu and
               Tomas Mikolov and
               Yoshua Bengio},
  title     = {On the difficulty of training recurrent neural networks},
  booktitle = {Proceedings of the 30th International Conference on Machine Learning,
               {ICML} 2013, Atlanta, GA, USA, 16-21 June 2013},
  pages     = {1310--1318},
  year      = {2013},
  timestamp = {Thu, 11 Sep 2014 07:28:55 +0200},
  biburl    = {http://dblp.uni-trier.de/rec/bib/conf/icml/PascanuMB13},
  bibsource = {dblp computer science bibliography, http://dblp.org}
}

@article{Bengio94,
  added-at = {2008-09-16T23:39:07.000+0200},
  author = {Bengio, Y. and Simard, P. and Frasconi, P.},
  biburl = {http://www.bibsonomy.org/bibtex/23241e3cc17a659131f52bd0f0d9a32dd/brian.mingus},
  description = {CCNLab BibTeX},
  journal = {IEEE Transactions on Neural Networks},
  keywords = {CCP JRR,},
  number = 2,
  pages = {157-166},
  timestamp = {2008-09-16T23:39:19.000+0200},
  title = {Learning long-term dependencies with gradient descent is difficult},
  volume = 5,
  year = 1994
}


@inproceedings{langley00,
 author    = {P. Langley},
 title     = {Crafting Papers on Machine Learning},
 year      = {2000},
 pages     = {1207--1216},
 editor    = {Pat Langley},
 booktitle     = {Proceedings of the 17th International Conference
              on Machine Learning (ICML 2000)},
 address   = {Stanford, CA},
 publisher = {Morgan Kaufmann}
}

@TechReport{mitchell80,
  author = 	 "T. M. Mitchell",
  title = 	 "The Need for Biases in Learning Generalizations",
  institution =  "Computer Science Department, Rutgers University",
  year = 	 "1980",
  address =	 "New Brunswick, MA",
}

@phdthesis{kearns89,
  author = {M. J. Kearns},
  title =  {Computational Complexity of Machine Learning},
  school = {Department of Computer Science, Harvard University},
  year =   {1989}
}

@inproceedings{Martens2011,
  author    = {Martens, J and
               Sutskever, I},
  title     = {Learning Recurrent Neural Networks with Hessian-Free Optimization},
  booktitle = {Proceedings of the 28th International Conference on Machine Learning,
               {ICML} 2011, Bellevue, Washington, USA, June 28 - July 2, 2011},
  pages     = {1033--1040},
  year      = {2011},
}

@Book{MachineLearningI,
  editor = 	 "R. S. Michalski and J. G. Carbonell and T.
		  M. Mitchell",
  title = 	 "Machine Learning: An Artificial Intelligence
		  Approach, Vol. I",
  publisher = 	 "Tioga",
  year = 	 "1983",
  address =	 "Palo Alto, CA"
}


@Book{MentalModels,
  editor = 	 "P.N. Johnson-Laird",
  title = 	 "Mental Models: toward a cognitive science of language, inference and consciousness",
  publisher = 	 "Cambridge University Press",
  year = 	 "1983",
  address =	 "Cambridge, U.K."
}


@Book{DudaHart2nd,
  author =       "R. O. Duda and P. E. Hart and D. G. Stork",
  title =        "Pattern Classification",
  publisher =    "John Wiley and Sons",
  edition =      "2nd",
  year =         "2000"
}

@misc{anonymous,
  title= {Suppressed for Anonymity},
  author= {Author, N. N.},
  year= {2011},
}


@article{PReLU,
  author = {He, Kaiming and Zhang, Xiangyu and Ren, Shaoqing and Sun, Jian},
  biburl = {http://www.bibsonomy.org/bibtex/26c9e541c56997bae1fa606bf131cbf90/dblp},
  ee = {http://arxiv.org/abs/1502.01852},
  journal = {CoRR},
  keywords = {dblp},
  timestamp = {2015-06-18T04:38:21.000+0200},
  title = {Delving Deep into Rectifiers: Surpassing Human-Level Performance on ImageNet Classification.},
  volume = {abs/1502.01852},
  year = 2015
}






@InCollection{Newell81,
  author =       "A. Newell and P. S. Rosenbloom",
  title =        "Mechanisms of Skill Acquisition and the Law of
                  Practice",
  booktitle =    "Cognitive Skills and Their Acquisition",
  pages =        "1--51",
  publisher =    "Lawrence Erlbaum Associates, Inc.",
  year =         "1981",
  editor =       "J. R. Anderson",
  chapter =      "1",
  address =      "Hillsdale, NJ"
}


@Article{Samuel59,
  author = 	 "A. L. Samuel",
  title = 	 "Some Studies in Machine Learning Using the Game of
		  Checkers",
  journal =	 "IBM Journal of Research and Development",
  year =	 "1959",
  volume =	 "3",
  number =	 "3",
  pages =	 "211--229"
}

@Article{Schonemann64,
  author = 	 "P.H. Schonemann",
  title = 	 "A generalized solution to the orthogonal Procrustes problem",
  journal =	 "Psychometrika",
  year =	 "1964",
  volume =	 "31",
  pages =	 "1--10"
}

@Article{Hochreiter1997,
  author = 	 "Hochreiter, S and Schmidhuber, J",
  title = 	 "Long Short-Term Memory",
  journal =	 "Neural Computation",
  year =	 "1997",
  volume =	 "8",
  number =       "9",
  pages =	 "1735--1780"
}


@ARTICLE{Elman90findingstructure,
    author = {Jeffrey L. Elman},
    title = {Finding structure in time},
    journal = {COGNITIVE SCIENCE},
    year = {1990},
    volume = {14},
    number = {2},
    pages = {179--211}
}


@eprint{Le2015,
    eprinttype={arxiv},
    eprint = "1504.00941",
    primaryClass = "cs.SI",
    archivePrefix = "arXiv",
    author = {Le, Quoc and Jaitly, N and Hinton, G},
    title = {{A Simple Way to Initialize Recurrent Networks of Rectified Linear Units}},
    year = {2015},
    month = sep,
    url = {http://arxiv.org/abs/1504.00941}}


@eprint{NTM,
    eprinttype={arxiv},
    eprint = "1410.5401",
    primaryClass = "cs.SI",
    archivePrefix = "arXiv",
    author = {Graves, Alex and Wayne, Greg and Dnihelka, Ivo},
    title = {{Neural Turing Machines}},
    year = {2014},
    month = sep,
    url = {http://arxiv.org/abs/1410.5401}}


@eprint{Graves2013a,
    eprinttype={arxiv},
    eprint = "1308.0850",
    primaryClass = "cs.SI",
    archivePrefix = "arXiv",
    author = {Alex Graves},
    title = {{Generating Sequences with Recurrent Neural Networks}},
    year = {2013},
    month = sep,
    url = {http://arxiv.org/abs/1308.0850}}



@eprint{Zaremba2014,
    eprinttype={arxiv},
    eprint = "1409.2329",
    primaryClass = "cs.SI",
    archivePrefix = "arXiv",
    author = {Zaremba, W and Sutskever, I and Vinyals, O},
    title = {{Recurrent Neural Network Regularization}},
    year = {2014},
    month = sep,
    url = {http://arxiv.org/abs/1409.2329}}


@eprint{Mikolov2015,
    eprinttype={arxiv},
    eprint = "1412.7753",
    primaryClass = "cs.SI",
    archivePrefix = "arXiv",
    author = {Mikolov, T and Joulin, A and Chopra, S et. al},
    title = {{Learning Longer Memory in Recurrent Neural Networks}},
    year = {2015},
    month = sep,
    url = {http://arxiv.org/abs/1412.7753}}



@eprint{Krueger2015,
    eprinttype={arxiv},
    eprint = "1511.08400",
    primaryClass = "cs.SI",
    archivePrefix = "arXiv",
    author = {Krueger, D and Mimesevic, R},
    title = {{Regularizing RNNs by Stabilizing Activations}},
    year = {2015},
    month = sep,
    url = {http://arxiv.org/abs/1511.08400}}


@eprint{Arjovsky2015,
    eprinttype={arxiv},
    eprint = "1511.06464",
    primaryClass = "cs.SI",
    archivePrefix = "arXiv",
    author = {Arjovsky, M and Shah, A and Bengio, Y},
    title = {{Unitary Evolution Recurrent Neural Networks}},
    year = {2015},
    month = sep,
    url = {http://arxiv.org/abs/1511.06464}}

@eprint{Zaremba2015,
    eprinttype={arxiv},
    eprint = "1409.2329v4",
    primaryClass = "cs.SI",
    archivePrefix = "arXiv",
    author = {Zaremba, W and Sutskever, I},
    title = {{Recurrent Neural Network Regularization}},
    year = {2015},
    month = sep,
    url = {http://arxiv.org/pdf/1409.2329v4.pdf}}

@article{graves2016hybrid,
  title={Hybrid computing using a neural network with dynamic external memory},
  author={Graves, Alex and Wayne, Greg and Reynolds, Malcolm and Harley, Tim and Danihelka, Ivo and Grabska-Barwi{\'n}ska, Agnieszka and Colmenarejo, Sergio G{\'o}mez and Grefenstette, Edward and Ramalho, Tiago and Agapiou, John and others},
  journal={Nature},
  year={2016},
  publisher={Nature Research}
}

@article{wen_yin_feasible,
  author    = {Zaiwen Wen and
               Wotao Yin},
  title     = {A feasible method for optimization with orthogonality constraints},
  journal   = {Math. Program.},
  volume    = {142},
  number    = {1-2},
  pages     = {397--434},
  year      = {2013},
  url       = {http://dx.doi.org/10.1007/s10107-012-0584-1},
  doi       = {10.1007/s10107-012-0584-1},
  timestamp = {Tue, 12 Nov 2013 21:20:24 +0100},
  biburl    = {http://dblp.uni-trier.de/rec/bib/journals/mp/WenY13},
  bibsource = {dblp computer science bibliography, http://dblp.org}
}

@article{Edelman_geometry,
 author = {Edelman, Alan and Arias, Tom\'{a}s A. and Smith, Steven T.},
 title = {The Geometry of Algorithms with Orthogonality Constraints},
 journal = {SIAM J. Matrix Anal. Appl.},
 issue_date = {April 1999},
 volume = {20},
 number = {2},
 month = apr,
 year = {1999},
 issn = {0895-4798},
 pages = {303--353},
 numpages = {51},
 url = {http://dx.doi.org/10.1137/S0895479895290954},
 doi = {10.1137/S0895479895290954},
 acmid = {305358},
 publisher = {Society for Industrial and Applied Mathematics},
 address = {Philadelphia, PA, USA},
 keywords = {Grassmann manifold, Newton's method, Rayleigh quotient iteration, Stiefel manifold, conjugate gradient, eigenvalue optimization, eigenvalues and eigenvectors, electronic structures computation, invariant subspace, orthogonality constraints, reduced gradient method, sequential quadratic programming, subspace tracking},
}






@inproceedings{AbbeelNg2004,
 author = {Abbeel, Pieter and Ng, Andrew Y.},
 title = {Apprenticeship Learning via Inverse Reinforcement Learning},
 booktitle = {Proceedings of the Twenty-first International Conference on Machine Learning},
 series = {ICML '04},
 year = {2004},
 isbn = {1-58113-838-5},
 location = {Banff, Alberta, Canada},
 pages = {1--},
 url = {http://doi.acm.org/10.1145/1015330.1015430},
 doi = {10.1145/1015330.1015430},
 acmid = {1015430},
 publisher = {ACM},
 address = {New York, NY, USA},
}



@book{Bellman57,
  added-at = {2011-08-17T16:08:47.000+0200},
  author = {Bellman, Richard},
  biburl = {https://www.bibsonomy.org/bibtex/29cdd821222218ded252c8ba5cd712666/pcbouman},
  interhash = {acf948462171ca060064a7ded257a792},
  intrahash = {9cdd821222218ded252c8ba5cd712666},
  isbn = {9780486428093},
  keywords = {book dynamic programming},
  publisher = {Dover Publications},
  timestamp = {2011-08-18T09:10:27.000+0200},
  title = {{Dynamic Programming}},
  year = 1957
}


@article{PolicyDistillation,
  author    = {Andrei A. Rusu and
               Sergio Gomez Colmenarejo and
               {\c{C}}aglar G{\"{u}}l{\c{c}}ehre and
               Guillaume Desjardins and
               James Kirkpatrick and
               Razvan Pascanu and
               Volodymyr Mnih and
               Koray Kavukcuoglu and
               Raia Hadsell},
  title     = {Policy Distillation},
  journal   = {CoRR},
  volume    = {abs/1511.06295},
  year      = {2015},
  archivePrefix = {arXiv},
  eprint    = {1511.06295},
  timestamp = {Wed, 07 Jun 2017 14:40:50 +0200},
  biburl    = {http://dblp.org/rec/bib/journals/corr/RusuCGDKPMKH15},
  bibsource = {dblp computer science bibliography, http://dblp.org}
}




@article{Hinton15,
  author    = {Geoffrey E. Hinton and
               Oriol Vinyals and
               Jeffrey Dean},
  title     = {Distilling the Knowledge in a Neural Network},
  journal   = {CoRR},
  volume    = {abs/1503.02531},
  year      = {2015},
  archivePrefix = {arXiv},
  eprint    = {1503.02531},
  timestamp = {Wed, 07 Jun 2017 14:41:45 +0200},
  biburl    = {http://dblp.org/rec/bib/journals/corr/HintonVD15},
  bibsource = {dblp computer science bibliography, http://dblp.org}
}











@article{DeepRLMatters,
  author    = {Peter Henderson and
               Riashat Islam and
               Philip Bachman and
               Joelle Pineau and
               Doina Precup and
               David Meger},
  title     = {Deep Reinforcement Learning that Matters},
  journal   = {CoRR},
  volume    = {abs/1709.06560},
  year      = {2017},
  archivePrefix = {arXiv},
  eprint    = {1709.06560},
  timestamp = {Tue, 17 Oct 2017 12:29:59 +0200},
  biburl    = {http://dblp.org/rec/bib/journals/corr/abs-1709-06560},
  bibsource = {dblp computer science bibliography, http://dblp.org}
}

@article{TRPO,
  author    = {John Schulman and
               Sergey Levine and
               Philipp Moritz and
               Michael I. Jordan and
               Pieter Abbeel},
  title     = {Trust Region Policy Optimization},
  journal   = {CoRR},
  volume    = {abs/1502.05477},
  year      = {2015},
  archivePrefix = {arXiv},
  eprint    = {1502.05477},
  timestamp = {Wed, 07 Jun 2017 14:42:34 +0200},
  biburl    = {http://dblp.org/rec/bib/journals/corr/SchulmanLMJA15},
  bibsource = {dblp computer science bibliography, http://dblp.org}
}



@article{AlphaGO,
  added-at = {2016-03-11T14:36:05.000+0100},
  author = {Silver, David and Huang, Aja and Maddison, Chris J. and Guez, Arthur and Sifre, Laurent and van den Driessche, George and Schrittwieser, Julian and Antonoglou, Ioannis and Panneershelvam, Veda and Lanctot, Marc and Dieleman, Sander and Grewe, Dominik and Nham, John and Kalchbrenner, Nal and Sutskever, Ilya and Lillicrap, Timothy and Leach, Madeleine and Kavukcuoglu, Koray and Graepel, Thore and Hassabis, Demis},
  biburl = {https://www.bibsonomy.org/bibtex/29e987f58d895c490144693139cbc90c7/ytyoun},
  doi = {10.1038/nature16961},
  interhash = {48430c7891aaf9fe2582faa8f5d076c1},
  intrahash = {9e987f58d895c490144693139cbc90c7},
  journal = {Nature},
  keywords = {baduk go google},
  month = jan,
  number = 7587,
  pages = {484--489},
  publisher = {Nature Publishing Group},
  timestamp = {2016-03-11T14:37:40.000+0100},
  title = {Mastering the Game of {Go} with Deep Neural Networks and Tree Search},
  volume = 529,
  year = 2016
}















@article{I2A,
  author    = {Theophane Weber and
               S{\'{e}}bastien Racani{\`{e}}re and
               David P. Reichert and
               Lars Buesing and
               Arthur Guez and
               Danilo Jimenez Rezende and
               Adri{\`{a}} Puigdom{\`{e}}nech Badia and
               Oriol Vinyals and
               Nicolas Heess and
               Yujia Li and
               Razvan Pascanu and
               Peter Battaglia and
               David Silver and
               Daan Wierstra},
  title     = {Imagination-Augmented Agents for Deep Reinforcement Learning},
  journal   = {CoRR},
  volume    = {abs/1707.06203},
  year      = {2017},
  archivePrefix = {arXiv},
  eprint    = {1707.06203},
  timestamp = {Sat, 05 Aug 2017 14:56:21 +0200},
  biburl    = {http://dblp.org/rec/bib/journals/corr/WeberRRBGRBVHLP17},
  bibsource = {dblp computer science bibliography, http://dblp.org}
}


@INPROCEEDINGS{Williams2017,
    author={G. Williams and N. Wagener and B. Goldfain and P. Drews and J. M. Rehg and B. Boots and E. A. Theodorou},
    booktitle={2017 IEEE International Conference on Robotics and Automation (ICRA)},
    title={Information theoretic MPC for model-based reinforcement learning},
    year={2017},
    volume={},
    number={},
    pages={1714-1721},
    doi={10.1109/ICRA.2017.7989202},
    ISSN={},
    month={May},}


@article{Dyna,
 author = {Sutton, Richard S.},
 title = {Dyna, an Integrated Architecture for Learning, Planning, and Reacting},
 journal = {SIGART Bull.},
 issue_date = {Aug. 1991},
 volume = {2},
 number = {4},
 month = jul,
 year = {1991},
 issn = {0163-5719},
 pages = {160--163},
 numpages = {4},
 doi = {10.1145/122344.122377},
 acmid = {122377},
 publisher = {ACM},
 address = {New York, NY, USA},
}




@inproceedings{DeepPILCO,
      title={Improving PILCO with Bayesian Neural Network Dynamics Models},
      author={Rowan McAllister and Carl E. Rasmussen},
      year={2016}
    }






@incollection{AtariMCTS,
title = {Deep Learning for Real-Time Atari Game Play Using Offline Monte-Carlo Tree Search Planning},
author = {Guo, Xiaoxiao and Singh, Satinder and Lee, Honglak and Lewis, Richard L and Wang, Xiaoshi},
booktitle = {Advances in Neural Information Processing Systems 27},
editor = {Z. Ghahramani and M. Welling and C. Cortes and N. D. Lawrence and K. Q. Weinberger},
pages = {3338--3346},
year = {2014},
publisher = {Curran Associates, Inc.},
}


@article{Argall2009,
     author = {Argall, Brenna D. and Chernova, Sonia and Veloso, Manuela and Browning, Brett},
     title = {A Survey of Robot Learning from Demonstration},
     journal = {Robot. Auton. Syst.},
     issue_date = {May, 2009},
     volume = {57},
     number = {5},
     month = may,
     year = {2009},
     issn = {0921-8890},
     pages = {469--483},
     numpages = {15},
     acmid = {1524008},
     publisher = {North-Holland Publishing Co.},
     address = {Amsterdam, The Netherlands, The Netherlands},
     keywords = {Autonomous systems, Learning from demonstration, Machine learning, Robotics},
    }

@incollection{Nehaniv2002,
     author = {Nehaniv, Chrystopher L. and Dautenhahn, Kerstin},
     chapter = {The Correspondence Problem},
     title = {Imitation in Animals and Artifacts},
     editor = {Dautenhahn, Kerstin and Nehaniv, Chrystopher L.},
     year = {2002},
     isbn = {0-262-04203-7},
     pages = {41--61},
     numpages = {21},
     acmid = {762899},
     publisher = {MIT Press},
     address = {Cambridge, MA, USA},
    }


@inproceedings{MCTS,
 author = {Coulom, R{\'e}mi},
 title = {Efficient Selectivity and Backup Operators in Monte-Carlo Tree Search},
 booktitle = {Proceedings of the 5th International Conference on Computers and Games},
 series = {CG'06},
 year = {2007},
 isbn = {3-540-75537-3, 978-3-540-75537-1},
 location = {Turin, Italy},
 pages = {72--83},
 numpages = {12},
 acmid = {1777833},
 publisher = {Springer-Verlag},
 address = {Berlin, Heidelberg},
}

@incollection{VarianceReductionPG,
    title = {Variance Reduction Techniques for Gradient Estimates in Reinforcement Learning},
    author = {Greensmith, Evan and Peter L. Bartlett and Jonathan Baxter},
    booktitle = {Advances in Neural Information Processing Systems 14},
    editor = {T. G. Dietterich and S. Becker and Z. Ghahramani},
    pages = {1507--1514},
    year = {2002},
    publisher = {MIT Press},
    url = {http://papers.nips.cc/paper/2052-variance-reduction-techniques-for-gradient-estimates-in-reinforcement-learning.pdf}
    }



@article{NaturalActorCritic,
    title = "Natural Actor-Critic",
    journal = "Neurocomputing",
    volume = "71",
    number = "7",
    pages = "1180 - 1190",
    year = "2008",
    note = "Progress in Modeling, Theory, and Application of Computational Intelligenc",
    issn = "0925-2312",
    doi = "https://doi.org/10.1016/j.neucom.2007.11.026",
    url = "http://www.sciencedirect.com/science/article/pii/S0925231208000532",
    author = "Jan Peters and Stefan Schaal",
    keywords = "Policy-gradient methods, Compatible function approximation, Natural gradients, Actor-Critic methods, Reinforcement learning, Robot learning"
    }


@article{A3C,
  author    = {Volodymyr Mnih and
               Adri{\`{a}} Puigdom{\`{e}}nech Badia and
               Mehdi Mirza and
               Alex Graves and
               Timothy P. Lillicrap and
               Tim Harley and
               David Silver and
               Koray Kavukcuoglu},
  title     = {Asynchronous Methods for Deep Reinforcement Learning},
  journal   = {CoRR},
  volume    = {abs/1602.01783},
  year      = {2016},
  archivePrefix = {arXiv},
  eprint    = {1602.01783},
  timestamp = {Wed, 07 Jun 2017 14:43:09 +0200},
  biburl    = {http://dblp.org/rec/bib/journals/corr/MnihBMGLHSK16},
  bibsource = {dblp computer science bibliography, http://dblp.org}
}






@article{VIN,
  author    = {Aviv Tamar and
               Sergey Levine and
               Pieter Abbeel},
  title     = {Value Iteration Networks},
  journal   = {CoRR},
  volume    = {abs/1602.02867},
  year      = {2016},
  url       = {http://arxiv.org/abs/1602.02867},
  archivePrefix = {arXiv},
  eprint    = {1602.02867},
  timestamp = {Wed, 07 Jun 2017 14:41:38 +0200},
  biburl    = {http://dblp.org/rec/bib/journals/corr/TamarLA16},
  bibsource = {dblp computer science bibliography, http://dblp.org}
}



@inproceedings{GumbelSoftmax,
title = {Categorical Reparameterization with Gumbel-Softmax},
author  = {Eric Jang and Shixiang Gu and Ben Poole},
year  = {2017},
URL = {https://arxiv.org/abs/1611.01144}
}


@inproceedings{Schmidhuber1990,
title = "An on-line algorithm for dynamic reinforcement learning and planning in reactive environments",
  author    = "Jurgen Schmidhuber",
  booktitle = "Proceedings of the International Joint Conference on Neural Networks (IJCNN)",
  year      = "1990"
}

@article{Jordan1992,
title = "Forward models: Supervised learning with a distal teacher ",
journal = "Cognitive Science ",
volume = "16",
number = "3",
pages = "307 - 354",
year = "1992",
note = "",
issn = "0364-0213",
doi = "http://dx.doi.org/10.1016/0364-0213(92)90036-T",
url = "http://www.sciencedirect.com/science/article/pii/036402139290036T",
author = "Michael I. Jordan and David E. Rumelhart"
}




@article{Kelley1960,
title = "An on-line algorithm for dynamic reinforcement learning and planning in reactive environments",
journal = "",
volume = "30",
number = "10",
pages = "947-954",
year = "1960",
url = "http://arc.aiaa.org/doi/abs/10.2514/8.5282?journalCode=arsj",
author = "Henry Kelley"
}



@article{Chua2018,
      author    = {Kurtland Chua and
                   Roberto Calandra and
                   Rowan McAllister and
                   Sergey Levine},
      title     = {Deep Reinforcement Learning in a Handful of Trials using Probabilistic
                   Dynamics Models},
      journal   = {CoRR},
      volume    = {abs/1805.12114},
      year      = {2018},
      url       = {http://arxiv.org/abs/1805.12114},
      archivePrefix = {arXiv},
      eprint    = {1805.12114},
      timestamp = {Mon, 13 Aug 2018 16:46:23 +0200},
      biburl    = {https://dblp.org/rec/bib/journals/corr/abs-1805-12114},
      bibsource = {dblp computer science bibliography, https://dblp.org}
    }


@article{VAE,
      added-at = {2018-08-13T00:00:00.000+0200},
      author = {Kingma, Diederik P. and Welling, Max},
      biburl = {https://www.bibsonomy.org/bibtex/2486ad13a443259d137cb57be1dc77002/dblp},
      ee = {http://arxiv.org/abs/1312.6114},
      interhash = {85731e0fbdb10b8543ea9f55301b37a5},
      intrahash = {486ad13a443259d137cb57be1dc77002},
      journal = {CoRR},
      keywords = {dblp},
      timestamp = {2018-08-14T14:45:20.000+0200},
      title = {Auto-Encoding Variational Bayes.},
      url = {http://dblp.uni-trier.de/db/journals/corr/corr1312.html#KingmaW13},
      volume = {abs/1312.6114},
      year = 2013
    }



@article{Dreyfus1962,
title = "The numerical solution of variational problems",
journal = "Journal of Mathematical Analysis and Applications",
volume = "5",
number = "1",
pages = "30 - 45",
year = "1962",
note = "",
issn = "0022-247X",
doi = "http://dx.doi.org/10.1016/0022-247X(62)90004-5",
url = "http://www.sciencedirect.com/science/article/pii/0022247X62900045",
author = "Stuart Dreyfus"
}


@article{ConcreteDist,
  author    = {Chris J. Maddison and
               Andriy Mnih and
               Yee Whye Teh},
  title     = {The Concrete Distribution: {A} Continuous Relaxation of Discrete Random
               Variables},
  journal   = {CoRR},
  volume    = {abs/1611.00712},
  year      = {2016},
  url       = {http://arxiv.org/abs/1611.00712},
  archivePrefix = {arXiv},
  eprint    = {1611.00712},
  timestamp = {Wed, 07 Jun 2017 14:41:41 +0200},
  biburl    = {http://dblp.org/rec/bib/journals/corr/MaddisonMT16},
  bibsource = {dblp computer science bibliography, http://dblp.org}
}



@InProceedings{ParallelUCT,
author="Segal, Richard B.",
editor="van den Herik, H. Jaap
and Iida, Hiroyuki
and Plaat, Aske",
title="On the Scalability of Parallel UCT",
booktitle="Computers and Games",
year="2011",
publisher="Springer Berlin Heidelberg",
address="Berlin, Heidelberg",
pages="36--47",
isbn="978-3-642-17928-0"
}

@article{MCTSBus,
author = {Cazenave, Tristan and Balbo, Flavien and Pinson, Suzanne},
year = {2009},
month = {10},
pages = {},
title = {Using a Monte-Carlo approach for Bus regulation},
booktitle = {IEEE Conference on Intelligent Transportation Systems, Proceedings, ITSC}
}



@misc{OpenAIBaselines,
        Author = {Greg Brockman and Vicki Cheung and Ludwig Pettersson and Jonas Schneider and John Schulman and Jie Tang and Wojciech Zaremba},
        Title = {OpenAI Gym},
        Year = {2016},
        Eprint = {arXiv:1606.01540},
}


@ARTICLE{SurveyMCTS,
    author = {Cameron Browne and Edward Powley and Daniel Whitehouse and Simon Lucas and Peter I. Cowling and Stephen Tavener and Diego Perez and Spyridon Samothrakis and Simon Colton and et al.},
    title = {A survey of Monte Carlo tree search methods},
    journal = {IEEE TRANSACTIONS ON COMPUTATIONAL INTELLIGENCE AND AI},
    year = {2012}
}




@InProceedings{CombOptUCT,
author="Sabharwal, Ashish
and Samulowitz, Horst
and Reddy, Chandra",
editor="Beldiceanu, Nicolas
and Jussien, Narendra
and Pinson, {\'E}ric",
title="Guiding Combinatorial Optimization with UCT",
booktitle="Integration of AI and OR Techniques in Contraint Programming for Combinatorial Optimzation Problems",
year="2012",
publisher="Springer Berlin Heidelberg",
address="Berlin, Heidelberg",
pages="356--361",
}



@inproceedings{bagnell2010,
author = {Bagnell, J Andrew and Ross, St{\'{e}}phane},
booktitle = {Proceedings of the 13th International Conference on Artificial Intelligence and Statistics (AISTATS) 2010},
pages = {661--668},
title = {{Efficient Reductions for Imitation Learning}},
volume = {9},
year = {2010}
}

@ARTICLE{Pomerleau91,
    author = {Dean A. Pomerleau},
    title = {Efficient training of artificial neural networks for autonomous navigation},
    journal = {Neural Computation},
    year = {1991},
    volume = {3},
    pages = {97}
}

@article{Zaremba15,
  author    = {Wojciech Zaremba and
               Tomas Mikolov and
               Armand Joulin and
               Rob Fergus},
  title     = {Learning Simple Algorithms from Examples},
  journal   = {CoRR},
  volume    = {abs/1511.07275},
  year      = {2015},
  url       = {http://arxiv.org/abs/1511.07275},
  archivePrefix = {arXiv},
  eprint    = {1511.07275},
  timestamp = {Mon, 13 Aug 2018 16:48:54 +0200},
  biburl    = {https://dblp.org/rec/bib/journals/corr/ZarembaMJF15},
  bibsource = {dblp computer science bibliography, https://dblp.org}
}


@article{ZhangLMUC15,
  author    = {Fangyi Zhang and
               J{\"{u}}rgen Leitner and
               Michael Milford and
               Ben Upcroft and
               Peter I. Corke},
  title     = {Towards Vision-Based Deep Reinforcement Learning for Robotic Motion
               Control},
  journal   = {CoRR},
  volume    = {abs/1511.03791},
  year      = {2015},
  url       = {http://arxiv.org/abs/1511.03791},
  archivePrefix = {arXiv},
  eprint    = {1511.03791},
  timestamp = {Mon, 13 Aug 2018 16:48:40 +0200},
  biburl    = {https://dblp.org/rec/bib/journals/corr/ZhangLMUC15},
  bibsource = {dblp computer science bibliography, https://dblp.org}
}

@article{Zhang16,
      author    = {Jiakai Zhang and
                   Kyunghyun Cho},
      title     = {Query-Efficient Imitation Learning for End-to-End Autonomous Driving},
      journal   = {CoRR},
      volume    = {abs/1605.06450},
      year      = {2016},
      url       = {http://arxiv.org/abs/1605.06450},
      archivePrefix = {arXiv},
      eprint    = {1605.06450},
      timestamp = {Mon, 13 Aug 2018 16:47:18 +0200},
      biburl    = {https://dblp.org/rec/bib/journals/corr/ZhangC16b},
      bibsource = {dblp computer science bibliography, https://dblp.org}
    }



@inproceedings{ContextRNN,
  author    = {Tomas Mikolov and
               Geoffrey Zweig},
  title     = {Context dependent recurrent neural network language model},
  booktitle = {2012 {IEEE} Spoken Language Technology Workshop (SLT), Miami, FL,
               USA, December 2-5, 2012},
  pages     = {234--239},
  year      = {2012},
  url       = {http://dx.doi.org/10.1109/SLT.2012.6424228},
  doi       = {10.1109/SLT.2012.6424228},
  timestamp = {Tue, 12 Feb 2013 15:35:36 +0100},
  biburl    = {http://dblp.uni-trier.de/rec/bib/conf/slt/MikolovZ12},
  bibsource = {dblp computer science bibliography, http://dblp.org}
}


@article{ConcreteDist,
  author    = {Chris J. Maddison and
               Andriy Mnih and
               Yee Whye Teh},
  title     = {The Concrete Distribution: {A} Continuous Relaxation of Discrete Random
               Variables},
  journal   = {CoRR},
  volume    = {abs/1611.00712},
  year      = {2016},
  url       = {http://arxiv.org/abs/1611.00712},
  timestamp = {Thu, 01 Dec 2016 19:32:08 +0100},
  biburl    = {http://dblp2.uni-trier.de/rec/bib/journals/corr/MaddisonMT16},
  bibsource = {dblp computer science bibliography, http://dblp.org}
}


@article{Pascanu17,
  author    = {Razvan Pascanu and
               Yujia Li and
               Oriol Vinyals and
               Nicolas Heess and
               Lars Buesing and
               S{\'{e}}bastien Racani{\`{e}}re and
               David P. Reichert and
               Theophane Weber and
               Daan Wierstra and
               Peter Battaglia},
  title     = {Learning model-based planning from scratch},
  journal   = {CoRR},
  volume    = {abs/1707.06170},
  year      = {2017},
  archivePrefix = {arXiv},
  eprint    = {1707.06170},
  timestamp = {Mon, 14 Aug 2017 09:13:24 +0200},
  biburl    = {http://dblp.org/rec/bib/journals/corr/PascanuLVHBRRWW17},
  bibsource = {dblp computer science bibliography, http://dblp.org}
}



@article{Nagabandi2017,
  author    = {Anusha Nagabandi and
               Gregory Kahn and
               Ronald S. Fearing and
               Sergey Levine},
  title     = {Neural Network Dynamics for Model-Based Deep Reinforcement Learning
               with Model-Free Fine-Tuning},
  journal   = {CoRR},
  volume    = {abs/1708.02596},
  year      = {2017},
  url       = {http://arxiv.org/abs/1708.02596},
  archivePrefix = {arXiv},
  eprint    = {1708.02596},
  timestamp = {Mon, 13 Aug 2018 16:47:41 +0200},
  biburl    = {https://dblp.org/rec/bib/journals/corr/abs-1708-02596},
  bibsource = {dblp computer science bibliography, https://dblp.org}
}

@article{Hamrick2017,
  author    = {Jessica Hamrick and Andrew Ballard and Razvan Pascanu and Oriol Vinyals and Nicolas Heess and Peter Battaglia},
  title     = {Metacontrol for Adaptive Imagination-Based Optimization},
  journal   = {ICLR 2017},
  year      = {2017},
}






@article{GumbelSoftmax,
  author    = {Eric Jang, Shixiang Gu and Ben Poole},
  title     = {Categorical Reparameterization with Gumbel-Softmax},
  journal   = {CoRR},
  volume    = {abs/1611.01144},
  year      = {2016},
  url       = {http://arxiv.org/abs/1611.01144},
}





@INPROCEEDINGS{RL_NMT,
    author = {Alvin C. Grissom Ii and He He and John Morgan and Hal Daume III},
    title = {Don‚Äôt Until the Final Verb Wait: Reinforcement Learning for Simultaneous Machine Translation},
    booktitle = {In Proceedings of EMNLP},
    year = {2014}
}




@inproceedings{Herman2015,
  author    = {Karl Moritz Hermann and
               Tom{\'{a}}s Kocisk{\'{y}} and
               Edward Grefenstette and
               Lasse Espeholt and
               Will Kay and
               Mustafa Suleyman and
               Phil Blunsom},
  title     = {Teaching Machines to Read and Comprehend},
  booktitle = {Advances in Neural Information Processing Systems 28: Annual Conference
               on Neural Information Processing Systems 2015, December 7-12, 2015,
               Montreal, Quebec, Canada},
  pages     = {1693--1701},
  year      = {2015},
  url       = {http://papers.nips.cc/paper/5945-teaching-machines-to-read-and-comprehend},
  timestamp = {Fri, 08 Apr 2016 19:32:52 +0200},
  biburl    = {http://dblp.uni-trier.de/rec/bib/conf/nips/HermannKGEKSB15},
  bibsource = {dblp computer science bibliography, http://dblp.org}
}


@article{Glascher2010,
title = "States versus Rewards: Dissociable Neural Prediction Error Signals Underlying Model-Based and Model-Free Reinforcement Learning ",
journal = "Neuron ",
volume = "66",
number = "4",
pages = "585 - 595",
year = "2010",
note = "",
issn = "0896-6273",
doi = "http://dx.doi.org/10.1016/j.neuron.2010.04.016",
url = "http://www.sciencedirect.com/science/article/pii/S0896627310002874",
author = "Jan Glascher and Nathaniel Daw and Peter Dayan and John P. O'Doherty",
keywords = "\{SYSNEURO\} ",
}

@inproceedings{Schulman2015,
  added-at = {2015-07-05T00:00:00.000+0200},
  author = {Schulman, John and Levine, Sergey and Abbeel, Pieter and Jordan, Michael I. and Moritz, Philipp},
  biburl = {http://www.bibsonomy.org/bibtex/27462ef83a282ebeba5963e16176f9e29/dblp},
  booktitle = {ICML},
  editor = {Bach, Francis R. and Blei, David M.},
  ee = {http://jmlr.org/proceedings/papers/v37/schulman15.html},
  interhash = {a8e265b2ea2ac6ead6b6e17a5a4bdc09},
  intrahash = {7462ef83a282ebeba5963e16176f9e29},
  keywords = {dblp},
  pages = {1889-1897},
  publisher = {JMLR.org},
  series = {JMLR Workshop and Conference Proceedings},
  timestamp = {2016-07-13T11:45:06.000+0200},
  title = {Trust Region Policy Optimization.},
  url = {http://dblp.uni-trier.de/db/conf/icml/icml2015.html#SchulmanLAJM15},
  volume = 37,
  year = 2015
}



@article{Oh2016,
  author    = {Junhyuk Oh and
               Valliappa Chockalingam and
               Satinder P. Singh and
               Honglak Lee},
  title     = {Control of Memory, Active Perception, and Action in Minecraft},
  journal   = {CoRR},
  volume    = {abs/1605.09128},
  year      = {2016},
  url       = {http://arxiv.org/abs/1605.09128},
  timestamp = {Wed, 01 Jun 2016 15:51:07 +0200},
  biburl    = {http://dblp.uni-trier.de/rec/bib/journals/corr/OhCSL16},
  bibsource = {dblp computer science bibliography, http://dblp.org}
}

@article{Gu2016,
  author    = {Shixiang Gu and
               Ethan Holly and
               Timothy P. Lillicrap and
               Sergey Levine},
  title     = {Deep Reinforcement Learning for Robotic Manipulation},
  journal   = {CoRR},
  volume    = {abs/1610.00633},
  year      = {2016},
  url       = {http://arxiv.org/abs/1610.00633},
  timestamp = {Wed, 02 Nov 2016 09:51:26 +0100},
  biburl    = {http://dblp.uni-trier.de/rec/bib/journals/corr/GuHLL16},
  bibsource = {dblp computer science bibliography, http://dblp.org}
}

@article{mnih15,
    author = {Mnih, Volodymyr and Kavukcuoglu, Koray and Silver, David and Rusu, Andrei A. and Veness, Joel and Bellemare, Marc G. and Graves, Alex and Riedmiller, Martin and Fidjeland, Andreas K. and Ostrovski, Georg and Petersen, Stig and Beattie, Charles and Sadik, Amir and Antonoglou, Ioannis and King, Helen and Kumaran, Dharshan and Wierstra, Daan and Legg, Shane and Hassabis, Demis},
    citeulike-article-id = {13527831},
    citeulike-linkout-0 = {http://dx.doi.org/10.1038/nature14236},
    citeulike-linkout-1 = {http://dx.doi.org/10.1038/nature14236},
    day = {25},
    doi = {10.1038/nature14236},
    issn = {0028-0836},
    journal = {Nature},
    keywords = {artificial\_inteligence, control, machine\_learning, tweet},
    month = feb,
    number = {7540},
    pages = {529--533},
    posted-at = {2015-02-25 18:55:27},
    priority = {2},
    publisher = {Nature Research},
    title = {{Human-level control through deep reinforcement learning}},
    url = {http://dx.doi.org/10.1038/nature14236},
    volume = {518},
    year = {2015}
}


@Article{Sutton1988,
    author="Sutton, Richard S.",
    title="Learning to Predict by the Methods of Temporal Differences",
    journal="Machine Learning",
    year="1988",
    month="Aug",
    day="01",
    volume="3",
    number="1",
    pages="9--44",
    issn="1573-0565",
    doi="10.1023/A:1022633531479",
    url="https://doi.org/10.1023/A:1022633531479"
    }


@article{aleatoric-epistemic-uncertainty,
    author = {Der Kiureghian, Armen and Ditlevsen, Ove},
    year = {2009},
    month = {03},
    pages = {105-112},
    title = {Aleatory or Epistemic? Does It Matter?},
    volume = {31},
    booktitle = {Structural Safety}
    }
















@incollection{Nguyen1990,
 author = {Nguyen, Derrick and Widrow, Bernard},
 chapter = {The Truck Backer-upper: An Example of Self-learning in Neural Networks},
 title = {Neural Networks for Control},
 editor = {Miller,III, W. Thomas and Sutton, Richard S. and Werbos, Paul J.},
 year = {1990},
 isbn = {0-262-13261-3},
 pages = {287--299},
 numpages = {13},
 url = {http://dl.acm.org/citation.cfm?id=104204.104216},
 acmid = {104216},
 publisher = {MIT Press},
 address = {Cambridge, MA, USA},
}






@article{Kelley1960,
title = "An on-line algorithm for dynamic reinforcement learning and planning in reactive environments",
journal = "",
volume = "30",
number = "10",
pages = "947-954",
year = "1960",
url = "http://arc.aiaa.org/doi/abs/10.2514/8.5282?journalCode=arsj",
author = "Henry Kelley"
}


@article{Dreyfus1962,
title = "The numerical solution of variational problems",
journal = "Journal of Mathematical Analysis and Applications",
volume = "5",
number = "1",
pages = "30 - 45",
year = "1962",
note = "",
issn = "0022-247X",
doi = "http://dx.doi.org/10.1016/0022-247X(62)90004-5",
url = "http://www.sciencedirect.com/science/article/pii/0022247X62900045",
author = "Stuart Dreyfus"
}


@article{InteractionNet,
  added-at = {2017-01-02T00:00:00.000+0100},
  author = {Battaglia, Peter W. and Pascanu, Razvan and Lai, Matthew and Rezende, Danilo Jimenez and Kavukcuoglu, Koray},
  biburl = {http://www.bibsonomy.org/bibtex/21f4e5c52f13b5063e6b1f0a4632b4cdf/dblp},
  ee = {http://arxiv.org/abs/1612.00222},
  interhash = {b712afa8f52ce9748cfdd8de604661bc},
  intrahash = {1f4e5c52f13b5063e6b1f0a4632b4cdf},
  journal = {CoRR},
  keywords = {dblp},
  timestamp = {2017-01-03T11:34:40.000+0100},
  title = {Interaction Networks for Learning about Objects, Relations and Physics.},
  url = {http://dblp.uni-trier.de/db/journals/corr/corr1612.html#BattagliaPLRK16},
  volume = {abs/1612.00222},
  year = 2016
}




@article{Chang2016,
  author    = {Michael B. Chang and
               Tomer Ullman and
               Antonio Torralba and
               Joshua B. Tenenbaum},
  title     = {A Compositional Object-Based Approach to Learning Physical Dynamics},
  journal   = {CoRR},
  volume    = {abs/1612.00341},
  year      = {2016},
  url       = {http://arxiv.org/abs/1612.00341},
  timestamp = {Mon, 02 Jan 2017 11:09:15 +0100},
  biburl    = {http://dblp2.uni-trier.de/rec/bib/journals/corr/ChangUTT16},
  bibsource = {dblp computer science bibliography, http://dblp.org}
}







@article{FragkiadakiALM15,
  author    = {Katerina Fragkiadaki and
               Pulkit Agrawal and
               Sergey Levine and
               Jitendra Malik},
  title     = {Learning Visual Predictive Models of Physics for Playing Billiards},
  journal   = {CoRR},
  volume    = {abs/1511.07404},
  year      = {2015},
  url       = {http://arxiv.org/abs/1511.07404},
  timestamp = {Tue, 01 Dec 2015 19:22:34 +0100},
  biburl    = {http://dblp2.uni-trier.de/rec/bib/journals/corr/FragkiadakiALM15},
  bibsource = {dblp computer science bibliography, http://dblp.org}
}


@article{EntNet,
  author    = {Mikael Henaff and Jason Weston and Arthur Szlam and Antoine Bordes and Yann LeCun},
  title     = {Tracking the World State with Recurrent Entity Networks},
  journal   = {ICLR},
  volume    = {abs/1612.03969},
  year      = {2017},
  url       = {https://arxiv.org/abs/1612.03969},
}




@article{weston16,
  author    = {Jason Weston},
  title     = {Dialog-based Language Learning},
  journal   = {CoRR},
  volume    = {abs/1604.06045},
  year      = {2016},
  url       = {http://arxiv.org/abs/1604.06045},
  timestamp = {Mon, 02 May 2016 18:22:52 +0200},
  biburl    = {http://dblp.uni-trier.de/rec/bib/journals/corr/Weston16},
  bibsource = {dblp computer science bibliography, http://dblp.org}
}


@article{CommNN,
  author    = {Sainbayar Sukhbaatar and
               Arthur Szlam and
               Rob Fergus},
  title     = {Learning Multiagent Communication with Backpropagation},
  journal   = {CoRR},
  volume    = {abs/1605.07736},
  year      = {2016},
  url       = {http://arxiv.org/abs/1605.07736},
  timestamp = {Wed, 01 Jun 2016 15:51:08 +0200},
  biburl    = {http://dblp.uni-trier.de/rec/bib/journals/corr/SukhbaatarSF16},
  bibsource = {dblp computer science bibliography, http://dblp.org}
}


@article{AoAReader,
  author    = {Yiming Cui and
               Zhipeng Chen and
               Si Wei and
               Shijin Wang and
               Ting Liu and
               Guoping Hu},
  title     = {Attention-over-Attention Neural Networks for Reading Comprehension},
  journal   = {CoRR},
  volume    = {abs/1607.04423},
  year      = {2016},
  url       = {http://arxiv.org/abs/1607.04423},
  timestamp = {Tue, 02 Aug 2016 12:59:27 +0200},
  biburl    = {http://dblp.uni-trier.de/rec/bib/journals/corr/CuiCWWLH16},
  bibsource = {dblp computer science bibliography, http://dblp.org}
}





@article{GAReader,
  author    = {Bhuwan Dhingra, Hanxiao Liu, William Cohen and Ruslan Salakhutdinov},
  title     = {Gated-Attention Readers for Text Comprehension},
  journal   = {CoRR},
  volume    = {abs/1606.01549},
  year      = {2016},
  url       = {http://arxiv.org/abs/1606.01549},
}




@article{NSE,
  author    = {Tsendsuren Munkhdalai and Hong Yu},
  title     = {Reasoning with Memory Augmented Neural Networks for Language Comprehension},
  journal   = {CoRR},
  volume    = {abs/1610.06454},
  year      = {2016},
  url       = {https://arxiv.org/abs/1610.06454},
}

@article{EpiReader,
  author    = {Adam Trischler and
               Zheng Ye and
               Xingdi Yuan and
               Kaheer Suleman},
  title     = {Natural Language Comprehension with the EpiReader},
  journal   = {CoRR},
  volume    = {abs/1606.02270},
  year      = {2016},
  url       = {http://arxiv.org/abs/1606.02270},
  timestamp = {Fri, 01 Jul 2016 17:39:49 +0200},
  biburl    = {http://dblp.uni-trier.de/rec/bib/journals/corr/TrischlerYYS16},
  bibsource = {dblp computer science bibliography, http://dblp.org}
}

@ARTICLE{bahdanau+al-2014-nmt,
        author = {Bahdanau, Dzmitry and Cho, Kyunghyun and Bengio, Yoshua},
      keywords = {Computer Science - Computation and Language, Computer Science - Learning, Computer Science - Neural and Evolutionary Computing, Statistics - Machine Learning},
         month = sep,
         title = {Neural Machine Translation by Jointly Learning to Align and Translate},
       journal = {arXiv e-prints},
        volume = {abs/1409.0473},
          year = {2014},
           url = {https://arxiv.org/abs/1409.0473},
    }


@inproceedings{GRU,
  author    = {Kyunghyun Cho and
               Bart van Merrienboer and
               Dzmitry Bahdanau and
               Yoshua Bengio},
  title     = {On the Properties of Neural Machine Translation: Encoder-Decoder Approaches},
  booktitle = {Proceedings of SSST@EMNLP 2014, Eighth Workshop on Syntax, Semantics
               and Structure in Statistical Translation, Doha, Qatar, 25 October
               2014},
  pages     = {103--111},
  year      = {2014},
  url       = {http://aclweb.org/anthology/W/W14/W14-4012.pdf},
  timestamp = {Fri, 07 Oct 2016 13:15:52 +0200},
  biburl    = {http://dblp.uni-trier.de/rec/bib/conf/ssst/ChoMBB14},
  bibsource = {dblp computer science bibliography, http://dblp.org}
}









@article{LSTM,
 author = {Hochreiter, Sepp and Schmidhuber, J\"{u}rgen},
 title = {Long Short-Term Memory},
 journal = {Neural Comput.},
 issue_date = {November 15, 1997},
 volume = {9},
 number = {8},
 month = nov,
 year = {1997},
 issn = {0899-7667},
 pages = {1735--1780},
 numpages = {46},
 url = {http://dx.doi.org/10.1162/neco.1997.9.8.1735},
 doi = {10.1162/neco.1997.9.8.1735},
 acmid = {1246450},
 publisher = {MIT Press},
 address = {Cambridge, MA, USA},
}

@inproceedings{lerer-icml-2016,
  author    = {Adam Lerer and
               Sam Gross and
               Rob Fergus},
  title     = {Learning Physical Intuition of Block Towers by Example},
  booktitle = {Proceedings of the 33nd International Conference on Machine Learning,
               {ICML} 2016, New York City, NY, USA, June 19-24, 2016},
  pages     = {430--438},
  year      = {2016},
  url       = {http://jmlr.org/proceedings/papers/v48/lerer16.html},
  timestamp = {Tue, 12 Jul 2016 21:51:16 +0200},
  biburl    = {http://dblp.uni-trier.de/rec/bib/conf/icml/LererGF16},
  bibsource = {dblp computer science bibliography, http://dblp.org}
}




@article{RNNComplexity,
  author    = {Saizheng Zhang and
               Yuhuai Wu and
               Tong Che and
               Zhouhan Lin and
               Roland Memisevic and
               Ruslan Salakhutdinov and
               Yoshua Bengio},
  title     = {Architectural Complexity Measures of Recurrent Neural Networks},
  journal   = {CoRR},
  volume    = {abs/1602.08210},
  year      = {2016},
  url       = {http://arxiv.org/abs/1602.08210},
}


@article{GGSNN,
  author    = {Yujia Li and
               Daniel Tarlow and
               Marc Brockschmidt and
               Richard S. Zemel},
  title     = {Gated Graph Sequence Neural Networks},
  journal   = {CoRR},
  volume    = {abs/1511.05493},
  year      = {2015},
  url       = {http://arxiv.org/abs/1511.05493},
  timestamp = {Tue, 01 Dec 2015 19:22:34 +0100}
}

@article{ASReader,
  author    = {Rudolf Kadlec and
               Martin Schmid and
               Ondrej Bajgar and
               Jan Kleindienst},
  title     = {Text Understanding with the Attention Sum Reader Network},
  journal   = {CoRR},
  volume    = {abs/1603.01547},
  year      = {2016},
  url       = {http://arxiv.org/abs/1603.01547},
  timestamp = {Sat, 02 Apr 2016 11:49:48 +0200},
  biburl    = {http://dblp.uni-trier.de/rec/bib/journals/corr/KadlecSBK16},
  bibsource = {dblp computer science bibliography, http://dblp.org}
}

@article{joulin2015inferring,
  title={Inferring Algorithmic Patterns with Stack-Augmented Recurrent Nets},
  author={Joulin, Armand and Mikolov, Tomas},
  journal={arXiv preprint arXiv:1503.01007},
  year={2015}
}

@inproceedings{grefenstette2015learning,
  title={Learning to transduce with unbounded memory},
  author={Grefenstette, Edward and Hermann, Karl Moritz and Suleyman, Mustafa and Blunsom, Phil},
  booktitle={Advances in Neural Information Processing Systems},
  pages={1828--1836},
  year={2015}
}



@MISC{Torch7,
    author = {Ronan Collobert and Koray Kavukcuoglu and Cl√©ment Farabet},
    title = {Torch7: A Matlab-like Environment for Machine Learning},
    year = {2011}
}




@article{MemNet,
  author    = {Jason Weston and
               Sumit Chopra and
               Antoine Bordes},
  title     = {Memory Networks},
  journal   = {CoRR},
  volume    = {abs/1410.3916},
  year      = {2014},
  url       = {http://arxiv.org/abs/1410.3916},
  timestamp = {Sun, 02 Nov 2014 11:25:59 +0100},
  biburl    = {http://dblp.uni-trier.de/rec/bib/journals/corr/WestonCB14},
  bibsource = {dblp computer science bibliography, http://dblp.org}
}




@article{DNTM,
  author    = {Caglar Gulcehre and
               Sarath Chandar and
               Kyunghyun Cho and
               Yoshua Bengio},
  title     = {Dynamic Neural Turing Machines with Soft and Hard Addressing Schemes},
  journal   = {CoRR},
  volume    = {abs/1607.00036},
  year      = {2016},
  url       = {http://arxiv.org/abs/1607.00036},
}

@article{peng2015towards,
  title={Towards neural network-based reasoning},
  author={Peng, Baolin and Lu, Zhengdong and Li, Hang and Wong, Kam-Fai},
  journal={arXiv preprint arXiv:1508.05508},
  year={2015}
}

@article{chandar2016hierarchical,
  title={Hierarchical Memory Networks},
  author={Chandar, Sarath and Ahn, Sungjin and Larochelle, Hugo and Vincent, Pascal and Tesauro, Gerald and Bengio, Yoshua},
  journal={arXiv preprint arXiv:1605.07427},
  year={2016}
}

@article{miller2016key,
  title={Key-Value Memory Networks for Directly Reading Documents},
  author={Miller, Alexander and Fisch, Adam and Dodge, Jesse and Karimi, Amir-Hossein and Bordes, Antoine and Weston, Jason},
  journal={arXiv preprint arXiv:1606.03126},
  year={2016}
}


@ARTICLE{2016arXiv161004211P,
   author = {{Perez}, J. and {Liu}, F.},
    title = "{Gated End-to-End Memory Networks}",
  journal = {ArXiv e-prints},
archivePrefix = "arXiv",
   eprint = {1610.04211},
 primaryClass = "cs.CL",
 keywords = {Computer Science - Computation and Language, Statistics - Machine Learning},
     year = 2016,
    month = oct,
   adsurl = {http://adsabs.harvard.edu/abs/2016arXiv161004211P},
  adsnote = {Provided by the SAO/NASA Astrophysics Data System}
}


@incollection{CBT,
title = {The Goldilocks Principle: Reading Children's Books with Explicit Memory Representations},
author = {Hill, Felix and Bordes, Antoine and Chopra, Sumit and Weston, Jason},
booktitle = {Proceedings of the International Conference on Learning Representations},
year = {2016},
}

@article{dodge2015evaluating,
  title={Evaluating prerequisite qualities for learning end-to-end dialog systems},
  author={Dodge, Jesse and Gane, Andreea and Zhang, Xiang and Bordes, Antoine and Chopra, Sumit and Miller, Alexander and Szlam, Arthur and Weston, Jason},
  journal={arXiv preprint arXiv:1511.06931},
  year={2015}
}


@incollection{MemN2N,
title = {End-To-End Memory Networks},
author = {Sukhbaatar, Sainbayar and szlam, arthur and Weston, Jason and Fergus, Rob},
booktitle = {Advances in Neural Information Processing Systems 28},
editor = {C. Cortes and N. D. Lawrence and D. D. Lee and M. Sugiyama and R. Garnett},
pages = {2440--2448},
year = {2015},
publisher = {Curran Associates, Inc.},
url = {http://papers.nips.cc/paper/5846-end-to-end-memory-networks.pdf}
}


@inproceedings{DMN,
  title={Dynamic Memory Networks for Visual and Textual Question Answering},
  author={Caiming Xiong and Stephen Merity and Richard Socher},
  booktitle={ICML},
  year={2016}
}

@article{DynamicMemNet,
  added-at = {2016-07-11T20:40:21.000+0200},
  author = {Kumar, Ankit and Irsoy, Ozan and Ondruska, Peter and Iyyer, Mohit and Bradbury, James and Gulrajani, Ishaan and Zhong, Victor and Paulus, Romain and Socher, Richard},
  description = {[1506.07285] Ask Me Anything: Dynamic Memory Networks for Natural Language Processing},
  keywords = {ANN DMN DynamicMemoryNetwork NLP QA},
  note = {cite arxiv:1506.07285},
  timestamp = {2016-07-11T20:44:39.000+0200},
  title = {Ask Me Anything: Dynamic Memory Networks for Natural Language Processing},
  url = {http://arxiv.org/abs/1506.07285},
  year = 2015
}


@article{babi,
  author    = {Jason Weston and
               Antoine Bordes and
               Sumit Chopra and
               Tomas Mikolov},
  title     = {Towards AI-Complete Question Answering: {A} Set of Prerequisite Toy
               Tasks},
  journal   = {CoRR},
  volume    = {abs/1502.05698},
  year      = {2015},
  url       = {http://arxiv.org/abs/1502.05698},
  timestamp = {Mon, 02 Mar 2015 14:17:34 +0100},
  biburl    = {http://dblp2.uni-trier.de/rec/bib/journals/corr/WestonBCM15},
  bibsource = {dblp computer science bibliography, http://dblp.org}
}


@inproceedings{Sutskever14,
  author    = {Ilya Sutskever and
               Oriol Vinyals and
               Quoc V. Le},
  title     = {Sequence to Sequence Learning with Neural Networks},
  booktitle = {Advances in Neural Information Processing Systems 27: Annual Conference
               on Neural Information Processing Systems 2014, December 8-13 2014,
               Montreal, Quebec, Canada},
  pages     = {3104--3112},
  year      = {2014},
  timestamp = {Wed, 10 Dec 2014 21:34:12 +0100},
  biburl    = {http://dblp.uni-trier.de/rec/bib/conf/nips/SutskeverVL14},
  bibsource = {dblp computer science bibliography, http://dblp.org}
}


@article{Ganguli2008,
author = {Ganguli, Surya and Huh, Dongsung and Sompolinsky, Haim},
title = {Memory traces in dynamical systems},
volume = {105},
number = {48},
pages = {18970-18975},
year = {2008},
doi = {10.1073/pnas.0804451105}
}





@inproceedings{Graves2013b,
  author    = {Alex Graves and
               Abdel{-}rahman Mohamed and
               Geoffrey E. Hinton},
  title     = {Speech recognition with deep recurrent neural networks},
  booktitle = {{IEEE} International Conference on Acoustics, Speech and Signal Processing,
               {ICASSP} 2013, Vancouver, BC, Canada, May 26-31, 2013},
  pages     = {6645--6649},
  year      = {2013},
  url       = {http://dx.doi.org/10.1109/ICASSP.2013.6638947},
  doi       = {10.1109/ICASSP.2013.6638947},
  timestamp = {Sat, 02 Nov 2013 16:17:16 +0100},
  bibsource = {dblp computer science bibliography, http://dblp.org}
}

@preprint{saxe2013,
  added-at = {2014-01-07T21:05:30.000+0100},
  author = {Saxe, Andrew M. and McClelland, James L. and Ganguli, Surya},
  biburl = {http://www.bibsonomy.org/bibtex/22369554f743ca15f2b831e620e9d63b2/renatovicente},
  description = {Exact solutions to the nonlinear dynamics of learning in deep linear
  neural networks},
  keywords = {deep learning},
  note = {cite arxiv:1312.6120},
  timestamp = {2014-01-07T21:05:30.000+0100},
  title = {Exact solutions to the nonlinear dynamics of learning in deep linear
  neural networks},
  url = {http://arxiv.org/abs/1312.6120},
  year = 2013
}



@article{White2004,
 author = {White, O and Lee, D and Sompolinky, H},
 title = {Short-Term Memory in Orthogonal Neural Networks},
 journal = {Physical Review Letters},
 issue_date = {4/9/2004},
 volume = {92},
 month = april,
 year = {2004},
 issn = {14},
}





@article{Gers2003,
 author = {Gers, Felix A. and Schraudolph, Nicol N. and Schmidhuber, J\"{u}rgen},
 title = {Learning Precise Timing with Lstm Recurrent Networks},
 journal = {J. Mach. Learn. Res.},
 issue_date = {3/1/2003},
 volume = {3},
 month = mar,
 year = {2003},
 issn = {1532-4435},
 pages = {115--143},
 numpages = {29},
 url = {http://dx.doi.org/10.1162/153244303768966139},
 doi = {10.1162/153244303768966139},
 acmid = {944925},
 publisher = {JMLR.org},
 keywords = {long short-term memory, recurrent neural networks, timing},
}

@PHDTHESIS{mikolov_thesis,
   author = {Tom{\'{a}}{\v{s}} Mikolov},
   title = {Statistical Language Models Based on Neural Networks},
   pages = {129},
   year = {2012},
   location = {Brno, CZ},
   language = {english},
   url = {http://www.fit.vutbr.cz/research/view_pub.php?id=10158}
}

@inproceedings{Pascanu13,
  author    = {Razvan Pascanu and
               Tomas Mikolov and
               Yoshua Bengio},
  title     = {On the difficulty of training recurrent neural networks},
  booktitle = {Proceedings of the 30th International Conference on Machine Learning,
               {ICML} 2013, Atlanta, GA, USA, 16-21 June 2013},
  pages     = {1310--1318},
  year      = {2013},
  timestamp = {Thu, 11 Sep 2014 07:28:55 +0200},
  biburl    = {http://dblp.uni-trier.de/rec/bib/conf/icml/PascanuMB13},
  bibsource = {dblp computer science bibliography, http://dblp.org}
}

@article{Bengio94,
  added-at = {2008-09-16T23:39:07.000+0200},
  author = {Bengio, Y. and Simard, P. and Frasconi, P.},
  biburl = {http://www.bibsonomy.org/bibtex/23241e3cc17a659131f52bd0f0d9a32dd/brian.mingus},
  description = {CCNLab BibTeX},
  journal = {IEEE Transactions on Neural Networks},
  keywords = {CCP JRR,},
  number = 2,
  pages = {157-166},
  timestamp = {2008-09-16T23:39:19.000+0200},
  title = {Learning long-term dependencies with gradient descent is difficult},
  volume = 5,
  year = 1994
}


@inproceedings{langley00,
 author    = {P. Langley},
 title     = {Crafting Papers on Machine Learning},
 year      = {2000},
 pages     = {1207--1216},
 editor    = {Pat Langley},
 booktitle     = {Proceedings of the 17th International Conference
              on Machine Learning (ICML 2000)},
 address   = {Stanford, CA},
 publisher = {Morgan Kaufmann}
}

@TechReport{mitchell80,
  author = 	 "T. M. Mitchell",
  title = 	 "The Need for Biases in Learning Generalizations",
  institution =  "Computer Science Department, Rutgers University",
  year = 	 "1980",
  address =	 "New Brunswick, MA",
}

@phdthesis{kearns89,
  author = {M. J. Kearns},
  title =  {Computational Complexity of Machine Learning},
  school = {Department of Computer Science, Harvard University},
  year =   {1989}
}

@inproceedings{Martens2011,
  author    = {Martens, J and
               Sutskever, I},
  title     = {Learning Recurrent Neural Networks with Hessian-Free Optimization},
  booktitle = {Proceedings of the 28th International Conference on Machine Learning,
               {ICML} 2011, Bellevue, Washington, USA, June 28 - July 2, 2011},
  pages     = {1033--1040},
  year      = {2011},
}

@Book{MachineLearningI,
  editor = 	 "R. S. Michalski and J. G. Carbonell and T.
		  M. Mitchell",
  title = 	 "Machine Learning: An Artificial Intelligence
		  Approach, Vol. I",
  publisher = 	 "Tioga",
  year = 	 "1983",
  address =	 "Palo Alto, CA"
}


@Book{MentalModels,
  editor = 	 "P.N. Johnson-Laird",
  title = 	 "Mental Models: toward a cognitive science of language, inference and consciousness",
  publisher = 	 "Cambridge University Press",
  year = 	 "1983",
  address =	 "Cambridge, U.K."
}


@Book{DudaHart2nd,
  author =       "R. O. Duda and P. E. Hart and D. G. Stork",
  title =        "Pattern Classification",
  publisher =    "John Wiley and Sons",
  edition =      "2nd",
  year =         "2000"
}

@misc{anonymous,
  title= {Suppressed for Anonymity},
  author= {Author, N. N.},
  year= {2011},
}


@article{PReLU,
  author = {He, Kaiming and Zhang, Xiangyu and Ren, Shaoqing and Sun, Jian},
  biburl = {http://www.bibsonomy.org/bibtex/26c9e541c56997bae1fa606bf131cbf90/dblp},
  ee = {http://arxiv.org/abs/1502.01852},
  journal = {CoRR},
  keywords = {dblp},
  timestamp = {2015-06-18T04:38:21.000+0200},
  title = {Delving Deep into Rectifiers: Surpassing Human-Level Performance on ImageNet Classification.},
  volume = {abs/1502.01852},
  year = 2015
}






@InCollection{Newell81,
  author =       "A. Newell and P. S. Rosenbloom",
  title =        "Mechanisms of Skill Acquisition and the Law of
                  Practice",
  booktitle =    "Cognitive Skills and Their Acquisition",
  pages =        "1--51",
  publisher =    "Lawrence Erlbaum Associates, Inc.",
  year =         "1981",
  editor =       "J. R. Anderson",
  chapter =      "1",
  address =      "Hillsdale, NJ"
}


@Article{Samuel59,
  author = 	 "A. L. Samuel",
  title = 	 "Some Studies in Machine Learning Using the Game of
		  Checkers",
  journal =	 "IBM Journal of Research and Development",
  year =	 "1959",
  volume =	 "3",
  number =	 "3",
  pages =	 "211--229"
}

@Article{Schonemann64,
  author = 	 "P.H. Schonemann",
  title = 	 "A generalized solution to the orthogonal Procrustes problem",
  journal =	 "Psychometrika",
  year =	 "1964",
  volume =	 "31",
  pages =	 "1--10"
}

@Article{Hochreiter1997,
  author = 	 "Hochreiter, S and Schmidhuber, J",
  title = 	 "Long Short-Term Memory",
  journal =	 "Neural Computation",
  year =	 "1997",
  volume =	 "8",
  number =       "9",
  pages =	 "1735--1780"
}


@ARTICLE{sRNN,
    author = {Jeffrey L. Elman},
    title = {Finding structure in time},
    journal = {COGNITIVE SCIENCE},
    year = {1990},
    volume = {14},
    number = {2},
    pages = {179--211}
}


@eprint{Le2015,
    eprinttype={arxiv},
    eprint = "1504.00941",
    primaryClass = "cs.SI",
    archivePrefix = "arXiv",
    author = {Le, Quoc and Jaitly, N and Hinton, G},
    title = {{A Simple Way to Initialize Recurrent Networks of Rectified Linear Units}},
    year = {2015},
    month = sep,
    url = {http://arxiv.org/abs/1504.00941}}


@eprint{NTM,
    eprinttype={arxiv},
    eprint = "1410.5401",
    primaryClass = "cs.SI",
    archivePrefix = "arXiv",
    author = {Graves, Alex and Wayne, Greg and Dnihelka, Ivo},
    title = {{Neural Turing Machines}},
    year = {2014},
    month = sep,
    url = {http://arxiv.org/abs/1410.5401}}


@eprint{Graves2013a,
    eprinttype={arxiv},
    eprint = "1308.0850",
    primaryClass = "cs.SI",
    archivePrefix = "arXiv",
    author = {Alex Graves},
    title = {{Generating Sequences with Recurrent Neural Networks}},
    year = {2013},
    month = sep,
    url = {http://arxiv.org/abs/1308.0850}}



@eprint{Zaremba2014,
    eprinttype={arxiv},
    eprint = "1409.2329",
    primaryClass = "cs.SI",
    archivePrefix = "arXiv",
    author = {Zaremba, W and Sutskever, I and Vinyals, O},
    title = {{Recurrent Neural Network Regularization}},
    year = {2014},
    month = sep,
    url = {http://arxiv.org/abs/1409.2329}}


@eprint{Mikolov2015,
    eprinttype={arxiv},
    eprint = "1412.7753",
    primaryClass = "cs.SI",
    archivePrefix = "arXiv",
    author = {Mikolov, T and Joulin, A and Chopra, S et. al},
    title = {{Learning Longer Memory in Recurrent Neural Networks}},
    year = {2015},
    month = sep,
    url = {http://arxiv.org/abs/1412.7753}}



@eprint{Krueger2015,
    eprinttype={arxiv},
    eprint = "1511.08400",
    primaryClass = "cs.SI",
    archivePrefix = "arXiv",
    author = {Krueger, D and Mimesevic, R},
    title = {{Regularizing RNNs by Stabilizing Activations}},
    year = {2015},
    month = sep,
    url = {http://arxiv.org/abs/1511.08400}}


@eprint{Arjovsky2015,
    eprinttype={arxiv},
    eprint = "1511.06464",
    primaryClass = "cs.SI",
    archivePrefix = "arXiv",
    author = {Arjovsky, M and Shah, A and Bengio, Y},
    title = {{Unitary Evolution Recurrent Neural Networks}},
    year = {2015},
    month = sep,
    url = {http://arxiv.org/abs/1511.06464}}

@eprint{Zaremba2015,
    eprinttype={arxiv},
    eprint = "1409.2329v4",
    primaryClass = "cs.SI",
    archivePrefix = "arXiv",
    author = {Zaremba, W and Sutskever, I},
    title = {{Recurrent Neural Network Regularization}},
    year = {2015},
    month = sep,
    url = {http://arxiv.org/pdf/1409.2329v4.pdf}}

@article{graves2016hybrid,
  title={Hybrid computing using a neural network with dynamic external memory},
  author={Graves, Alex and Wayne, Greg and Reynolds, Malcolm and Harley, Tim and Danihelka, Ivo and Grabska-Barwi{\'n}ska, Agnieszka and Colmenarejo, Sergio G{\'o}mez and Grefenstette, Edward and Ramalho, Tiago and Agapiou, John and others},
  journal={Nature},
  year={2016},
  publisher={Nature Research}
}

@article{wen_yin_feasible,
  author    = {Zaiwen Wen and
               Wotao Yin},
  title     = {A feasible method for optimization with orthogonality constraints},
  journal   = {Math. Program.},
  volume    = {142},
  number    = {1-2},
  pages     = {397--434},
  year      = {2013},
  url       = {http://dx.doi.org/10.1007/s10107-012-0584-1},
  doi       = {10.1007/s10107-012-0584-1},
  timestamp = {Tue, 12 Nov 2013 21:20:24 +0100},
  biburl    = {http://dblp.uni-trier.de/rec/bib/journals/mp/WenY13},
  bibsource = {dblp computer science bibliography, http://dblp.org}
}

@article{Edelman_geometry,
 author = {Edelman, Alan and Arias, Tom\'{a}s A. and Smith, Steven T.},
 title = {The Geometry of Algorithms with Orthogonality Constraints},
 journal = {SIAM J. Matrix Anal. Appl.},
 issue_date = {April 1999},
 volume = {20},
 number = {2},
 month = apr,
 year = {1999},
 issn = {0895-4798},
 pages = {303--353},
 numpages = {51},
 url = {http://dx.doi.org/10.1137/S0895479895290954},
 doi = {10.1137/S0895479895290954},
 acmid = {305358},
 publisher = {Society for Industrial and Applied Mathematics},
 address = {Philadelphia, PA, USA},
 keywords = {Grassmann manifold, Newton's method, Rayleigh quotient iteration, Stiefel manifold, conjugate gradient, eigenvalue optimization, eigenvalues and eigenvectors, electronic structures computation, invariant subspace, orthogonality constraints, reduced gradient method, sequential quadratic programming, subspace tracking},
}

@article{abbeel2007application,
  title={An application of reinforcement learning to aerobatic helicopter flight},
  author={Abbeel, Pieter and Coates, Adam and Quigley, Morgan and Ng, Andrew Y},
  journal={Advances in neural information processing systems},
  volume={19},
  pages={1},
  year={2007},
  publisher={MIT; 1998}
}

@inproceedings{todorov2005generalized,
  title={A generalized iterative LQG method for locally-optimal feedback control of constrained nonlinear stochastic systems},
  author={Todorov, Emanuel and Li, Weiwei},
  booktitle={American Control Conference, 2005. Proceedings of the 2005},
  pages={300--306},
  year={2005},
  organization={IEEE}
}

@inproceedings{todorov2012mujoco,
  title={Mujoco: A physics engine for model-based control},
  author={Todorov, Emanuel and Erez, Tom and Tassa, Yuval},
  booktitle={Intelligent Robots and Systems (IROS), 2012 IEEE/RSJ International Conference on},
  pages={5026--5033},
  year={2012},
  organization={IEEE}
}

@inproceedings{kumar2016optimal,
  title={Optimal control with learned local models: Application to dexterous manipulation},
  author={Kumar, Vikash and Todorov, Emanuel and Levine, Sergey},
  booktitle={Robotics and Automation (ICRA), 2016 IEEE International Conference on},
  pages={378--383},
  year={2016},
  organization={IEEE}
}

@article{silver2016mastering,
  title={Mastering the game of Go with deep neural networks and tree search},
  author={Silver, David and Huang, Aja and Maddison, Chris J and Guez, Arthur and Sifre, Laurent and Van Den Driessche, George and Schrittwieser, Julian and Antonoglou, Ioannis and Panneershelvam, Veda and Lanctot, Marc and others},
  journal={Nature},
  volume={529},
  number={7587},
  pages={484--489},
  year={2016},
  publisher={Nature Publishing Group}
}

@article{mathieu2015deep,
  title={Deep multi-scale video prediction beyond mean square error},
  author={Mathieu, Michael and Couprie, Camille and LeCun, Yann},
  journal={arXiv preprint arXiv:1511.05440},
  year={2015}
}

@article{kalchbrenner2016video,
  title={Video pixel networks},
  author={Kalchbrenner, Nal and Oord, Aaron van den and Simonyan, Karen and Danihelka, Ivo and Vinyals, Oriol and Graves, Alex and Kavukcuoglu, Koray},
  journal={arXiv preprint arXiv:1610.00527},
  year={2016}
}

@article{szegedy2013intriguing,
  title={Intriguing properties of neural networks},
  author={Szegedy, Christian and Zaremba, Wojciech and Sutskever, Ilya and Bruna, Joan and Erhan, Dumitru and Goodfellow, Ian and Fergus, Rob},
  journal={arXiv preprint arXiv:1312.6199},
  year={2013}
}

@phdthesis{watkins1989learning,
  title={Learning from delayed rewards},
  author={Watkins, Christopher John Cornish Hellaby},
  year={1989},
  school={University of Cambridge England}
}

@article{williams1992simple,
  title={Simple statistical gradient-following algorithms for connectionist reinforcement learning},
  author={Williams, Ronald J},
  journal={Machine learning},
  volume={8},
  number={3-4},
  pages={229--256},
  year={1992},
  publisher={Springer}
}

@article{maddison2016concrete,
  title={The Concrete Distribution: A Continuous Relaxation of Discrete Random Variables},
  author={Maddison, Chris J and Mnih, Andriy and Teh, Yee Whye},
  journal={arXiv preprint arXiv:1611.00712},
  year={2016}
}

@article{jang2016categorical,
  title={Categorical Reparameterization with Gumbel-Softmax},
  author={Jang, Eric and Gu, Shixiang and Poole, Ben},
  journal={arXiv preprint arXiv:1611.01144},
  year={2016}
}

@misc{Tieleman2012,
  title={{Lecture 6.5---RmsProp: Divide the gradient by a running average of its recent magnitude}},
  author={Tieleman, T. and Hinton, G.},
  howpublished={COURSERA: Neural Networks for Machine Learning},
  year={2012}
}
