@inproceedings{AbbeelNg2004,
 author = {Abbeel, Pieter and Ng, Andrew Y.},
 title = {Apprenticeship Learning via Inverse Reinforcement Learning},
 booktitle = {Proceedings of the Twenty-first International Conference on Machine Learning},
 series = {ICML '04},
 year = {2004},
 isbn = {1-58113-838-5},
 location = {Banff, Alberta, Canada},
 pages = {1--},
 url = {http://doi.acm.org/10.1145/1015330.1015430},
 doi = {10.1145/1015330.1015430},
 acmid = {1015430},
 publisher = {ACM},
 address = {New York, NY, USA},
}

@article{RelationalAE,
    author = {Memisevic, Roland and Hinton, Geoffrey},
    year = {2007},
    month = {07},
    pages = {1-8},
    title = {Unsupervised Learning of Image Transformations},
    isbn = {1-4244-1180-7},
    booktitle = {2007 IEEE Conference on Computer Vision and Pattern Recognition}
}

@article{Srivastava15,
  author    = {Nitish Srivastava and
               Elman Mansimov and
               Ruslan Salakhutdinov},
  title     = {Unsupervised Learning of Video Representations using LSTMs},
  journal   = {CoRR},
  volume    = {abs/1502.04681},
  year      = {2015},
  url       = {http://arxiv.org/abs/1502.04681},
  archivePrefix = {arXiv},
  eprint    = {1502.04681},
  timestamp = {Wed, 07 Jun 2017 14:41:19 +0200},
  biburl    = {http://dblp.org/rec/bib/journals/corr/SrivastavaMS15},
  bibsource = {dblp computer science bibliography, http://dblp.org}
}

@article{Oh15,
  author    = {Junhyuk Oh and
               Xiaoxiao Guo and
               Honglak Lee and
               Richard L. Lewis and
               Satinder P. Singh},
  title     = {Action-Conditional Video Prediction using Deep Networks in Atari Games},
  journal   = {CoRR},
  volume    = {abs/1507.08750},
  year      = {2015},
  url       = {http://arxiv.org/abs/1507.08750},
  archivePrefix = {arXiv},
  eprint    = {1507.08750},
  timestamp = {Wed, 07 Jun 2017 14:40:16 +0200},
  biburl    = {http://dblp.org/rec/bib/journals/corr/OhGLLS15},
  bibsource = {dblp computer science bibliography, http://dblp.org}
}

@article{FinnGL16,
  author    = {Chelsea Finn and
               Ian J. Goodfellow and
               Sergey Levine},
  title     = {Unsupervised Learning for Physical Interaction through Video Prediction},
  journal   = {CoRR},
  volume    = {abs/1605.07157},
  year      = {2016},
  url       = {http://arxiv.org/abs/1605.07157},
  archivePrefix = {arXiv},
  eprint    = {1605.07157},
  timestamp = {Wed, 07 Jun 2017 14:42:02 +0200},
  biburl    = {http://dblp.org/rec/bib/journals/corr/FinnGL16},
  bibsource = {dblp computer science bibliography, http://dblp.org}
}

@article{DentonB17,
  author    = {Emily Denton and
               Vighnesh Birodkar},
  title     = {Unsupervised Learning of Disentangled Representations from Video},
  journal   = {CoRR},
  volume    = {abs/1705.10915},
  year      = {2017},
  url       = {http://arxiv.org/abs/1705.10915},
  archivePrefix = {arXiv},
  eprint    = {1705.10915},
  timestamp = {Wed, 07 Jun 2017 14:40:19 +0200},
  biburl    = {http://dblp.org/rec/bib/journals/corr/DentonB17},
  bibsource = {dblp computer science bibliography, http://dblp.org}
}

@article{Poke,
  author    = {Pulkit Agrawal and
               Ashvin Nair and
               Pieter Abbeel and
               Jitendra Malik and
               Sergey Levine},
  title     = {Learning to Poke by Poking: Experiential Learning of Intuitive Physics},
  journal   = {CoRR},
  volume    = {abs/1606.07419},
  year      = {2016},
  url       = {http://arxiv.org/abs/1606.07419},
  archivePrefix = {arXiv},
  eprint    = {1606.07419},
  timestamp = {Wed, 07 Jun 2017 14:42:59 +0200},
  biburl    = {http://dblp.org/rec/bib/journals/corr/AgrawalNAML16},
  bibsource = {dblp computer science bibliography, http://dblp.org}
}

@ARTICLE{GAE,
    author={R. Memisevic},
    journal={IEEE Transactions on Pattern Analysis and Machine Intelligence},
    title={Learning to Relate Images},
    year={2013},
    volume={35},
    number={8},
    pages={1829-1846},
    doi={10.1109/TPAMI.2013.53},
    ISSN={0162-8828},
    month={Aug},}


@techreport{mixture-density-networks,
    author = {Bishop, Christopher},
    title = {Mixture Density Networks},
    booktitle = {},
    year = {1994},
    month = {January},
    publisher = {},
    url = {https://www.microsoft.com/en-us/research/publication/mixture-density-networks/},
    address = {},
    pages = {},
    journal = {},
    volume = {},
    chapter = {},
    isbn = {},
    }



@article{TSNE,
      added-at = {2015-06-19T12:07:15.000+0200},
      author = {van der Maaten, Laurens and Hinton, Geoffrey},
      biburl = {https://www.bibsonomy.org/bibtex/28b9aebb404ad4a4c6a436ea413550b30/lopusz_kdd},
      interhash = {370ba8b9e1909b61880a6f47c93bcd49},
      intrahash = {8b9aebb404ad4a4c6a436ea413550b30},
      journal = {Journal of Machine Learning Research},
      keywords = {dimensionality_reduction tSNE visualization},
      pages = {2579--2605},
      timestamp = {2015-08-19T15:19:11.000+0200},
      title = {Visualizing Data using {t-SNE} },
      url = {http://www.jmlr.org/papers/v9/vandermaaten08a.html},
      volume = 9,
      year = 2008
    }







@article{isomap,
      added-at = {2009-06-04T20:48:13.000+0200},
      author = {Tenenbaum, Joshua B. and de Silva, Vin and Langford, John C.},
      biburl = {https://www.bibsonomy.org/bibtex/2e43477a419fee32ef998ed6ebbe33160/quesada},
      interhash = {d98b45c2f0c37140697cdd69cb0d9c89},
      intrahash = {e43477a419fee32ef998ed6ebbe33160},
      journal = {Science},
      keywords = {},
      number = 5500,
      pages = 2319,
      timestamp = {2009-06-04T20:48:13.000+0200},
      title = {A Global Geometric Framework for Nonlinear Dimensionality Reduction},
      volume = 290,
      year = 2000
}



@ARTICLE{LLE,
        author = {Sam T. Roweis and Lawrence K. Saul},
        title = {Nonlinear dimensionality reduction by locally linear embedding},
        journal = {SCIENCE},
        year = {2000},
        volume = {290},
        pages = {2323--2326}
}


@MISC{Bernstein2000,
        author = {Mira Bernstein and Vin De Silva and John C. Langford and Joshua B. Tenenbaum},
        title = {Graph Approximations to Geodesics on Embedded Manifolds},
        year = {2000}
    }


@article{Belkin2003,
     author = {Belkin, Mikhail and Niyogi, Partha},
     title = {Laplacian Eigenmaps for Dimensionality Reduction and Data Representation},
     journal = {Neural Comput.},
     issue_date = {June 2003},
     volume = {15},
     number = {6},
     month = jun,
     year = {2003},
     issn = {0899-7667},
     pages = {1373--1396},
     numpages = {24},
     url = {http://dx.doi.org/10.1162/089976603321780317},
     doi = {10.1162/089976603321780317},
     acmid = {795528},
     publisher = {MIT Press},
     address = {Cambridge, MA, USA},
}



@book{Bellman57,
  added-at = {2011-08-17T16:08:47.000+0200},
  author = {Bellman, Richard},
  biburl = {https://www.bibsonomy.org/bibtex/29cdd821222218ded252c8ba5cd712666/pcbouman},
  interhash = {acf948462171ca060064a7ded257a792},
  intrahash = {9cdd821222218ded252c8ba5cd712666},
  isbn = {9780486428093},
  keywords = {book dynamic programming},
  publisher = {Dover Publications},
  timestamp = {2011-08-18T09:10:27.000+0200},
  title = {{Dynamic Programming}},
  year = 1957
}

@article{PolicyDistillation,
  author    = {Andrei A. Rusu and
               Sergio Gomez Colmenarejo and
               {\c{C}}aglar G{\"{u}}l{\c{c}}ehre and
               Guillaume Desjardins and
               James Kirkpatrick and
               Razvan Pascanu and
               Volodymyr Mnih and
               Koray Kavukcuoglu and
               Raia Hadsell},
  title     = {Policy Distillation},
  journal   = {CoRR},
  volume    = {abs/1511.06295},
  year      = {2015},
  archivePrefix = {arXiv},
  eprint    = {1511.06295},
  timestamp = {Wed, 07 Jun 2017 14:40:50 +0200},
  biburl    = {http://dblp.org/rec/bib/journals/corr/RusuCGDKPMKH15},
  bibsource = {dblp computer science bibliography, http://dblp.org}
}

@article{Hinton15,
  author    = {Geoffrey E. Hinton and
               Oriol Vinyals and
               Jeffrey Dean},
  title     = {Distilling the Knowledge in a Neural Network},
  journal   = {CoRR},
  volume    = {abs/1503.02531},
  year      = {2015},
  archivePrefix = {arXiv},
  eprint    = {1503.02531},
  timestamp = {Wed, 07 Jun 2017 14:41:45 +0200},
  biburl    = {http://dblp.org/rec/bib/journals/corr/HintonVD15},
  bibsource = {dblp computer science bibliography, http://dblp.org}
}

@article{DeepRLMatters,
  author    = {Peter Henderson and
               Riashat Islam and
               Philip Bachman and
               Joelle Pineau and
               Doina Precup and
               David Meger},
  title     = {Deep Reinforcement Learning that Matters},
  journal   = {CoRR},
  volume    = {abs/1709.06560},
  year      = {2017},
  archivePrefix = {arXiv},
  eprint    = {1709.06560},
  timestamp = {Tue, 17 Oct 2017 12:29:59 +0200},
  biburl    = {http://dblp.org/rec/bib/journals/corr/abs-1709-06560},
  bibsource = {dblp computer science bibliography, http://dblp.org}
}

@article{TRPO,
  author    = {John Schulman and
               Sergey Levine and
               Philipp Moritz and
               Michael I. Jordan and
               Pieter Abbeel},
  title     = {Trust Region Policy Optimization},
  journal   = {CoRR},
  volume    = {abs/1502.05477},
  year      = {2015},
  archivePrefix = {arXiv},
  eprint    = {1502.05477},
  timestamp = {Wed, 07 Jun 2017 14:42:34 +0200},
  biburl    = {http://dblp.org/rec/bib/journals/corr/SchulmanLMJA15},
  bibsource = {dblp computer science bibliography, http://dblp.org}
}

@article{AlphaGO,
  added-at = {2016-03-11T14:36:05.000+0100},
  author = {Silver, David and Huang, Aja and Maddison, Chris J. and Guez, Arthur and Sifre, Laurent and van den Driessche, George and Schrittwieser, Julian and Antonoglou, Ioannis and Panneershelvam, Veda and Lanctot, Marc and Dieleman, Sander and Grewe, Dominik and Nham, John and Kalchbrenner, Nal and Sutskever, Ilya and Lillicrap, Timothy and Leach, Madeleine and Kavukcuoglu, Koray and Graepel, Thore and Hassabis, Demis},
  biburl = {https://www.bibsonomy.org/bibtex/29e987f58d895c490144693139cbc90c7/ytyoun},
  doi = {10.1038/nature16961},
  interhash = {48430c7891aaf9fe2582faa8f5d076c1},
  intrahash = {9e987f58d895c490144693139cbc90c7},
  journal = {Nature},
  keywords = {baduk go google},
  month = jan,
  number = 7587,
  pages = {484--489},
  publisher = {Nature Publishing Group},
  timestamp = {2016-03-11T14:37:40.000+0100},
  title = {Mastering the Game of {Go} with Deep Neural Networks and Tree Search},
  volume = 529,
  year = 2016
}

@article{I2A,
  author    = {Theophane Weber and
               S{\'{e}}bastien Racani{\`{e}}re and
               David P. Reichert and
               Lars Buesing and
               Arthur Guez and
               Danilo Jimenez Rezende and
               Adri{\`{a}} Puigdom{\`{e}}nech Badia and
               Oriol Vinyals and
               Nicolas Heess and
               Yujia Li and
               Razvan Pascanu and
               Peter Battaglia and
               David Silver and
               Daan Wierstra},
  title     = {Imagination-Augmented Agents for Deep Reinforcement Learning},
  journal   = {CoRR},
  volume    = {abs/1707.06203},
  year      = {2017},
  archivePrefix = {arXiv},
  eprint    = {1707.06203},
  timestamp = {Sat, 05 Aug 2017 14:56:21 +0200},
  biburl    = {http://dblp.org/rec/bib/journals/corr/WeberRRBGRBVHLP17},
  bibsource = {dblp computer science bibliography, http://dblp.org}
}

@article{Dyna,
 author = {Sutton, Richard S.},
 title = {Dyna, an Integrated Architecture for Learning, Planning, and Reacting},
 journal = {SIGART Bull.},
 issue_date = {Aug. 1991},
 volume = {2},
 number = {4},
 month = jul,
 year = {1991},
 issn = {0163-5719},
 pages = {160--163},
 numpages = {4},
 doi = {10.1145/122344.122377},
 acmid = {122377},
 publisher = {ACM},
 address = {New York, NY, USA},
}

@incollection{AtariMCTS,
title = {Deep Learning for Real-Time Atari Game Play Using Offline Monte-Carlo Tree Search Planning},
author = {Guo, Xiaoxiao and Singh, Satinder and Lee, Honglak and Lewis, Richard L and Wang, Xiaoshi},
booktitle = {Advances in Neural Information Processing Systems 27},
editor = {Z. Ghahramani and M. Welling and C. Cortes and N. D. Lawrence and K. Q. Weinberger},
pages = {3338--3346},
year = {2014},
publisher = {Curran Associates, Inc.},
}

@inproceedings{MCTS,
 author = {Coulom, R{\'e}mi},
 title = {Efficient Selectivity and Backup Operators in Monte-Carlo Tree Search},
 booktitle = {Proceedings of the 5th International Conference on Computers and Games},
 series = {CG'06},
 year = {2007},
 isbn = {3-540-75537-3, 978-3-540-75537-1},
 location = {Turin, Italy},
 pages = {72--83},
 numpages = {12},
 acmid = {1777833},
 publisher = {Springer-Verlag},
 address = {Berlin, Heidelberg},
}

@article{A3C,
  author    = {Volodymyr Mnih and
               Adri{\`{a}} Puigdom{\`{e}}nech Badia and
               Mehdi Mirza and
               Alex Graves and
               Timothy P. Lillicrap and
               Tim Harley and
               David Silver and
               Koray Kavukcuoglu},
  title     = {Asynchronous Methods for Deep Reinforcement Learning},
  journal   = {CoRR},
  volume    = {abs/1602.01783},
  year      = {2016},
  archivePrefix = {arXiv},
  eprint    = {1602.01783},
  timestamp = {Wed, 07 Jun 2017 14:43:09 +0200},
  biburl    = {http://dblp.org/rec/bib/journals/corr/MnihBMGLHSK16},
  bibsource = {dblp computer science bibliography, http://dblp.org}
}

@article{VIN,
  author    = {Aviv Tamar and
               Sergey Levine and
               Pieter Abbeel},
  title     = {Value Iteration Networks},
  journal   = {CoRR},
  volume    = {abs/1602.02867},
  year      = {2016},
  url       = {http://arxiv.org/abs/1602.02867},
  archivePrefix = {arXiv},
  eprint    = {1602.02867},
  timestamp = {Wed, 07 Jun 2017 14:41:38 +0200},
  biburl    = {http://dblp.org/rec/bib/journals/corr/TamarLA16},
  bibsource = {dblp computer science bibliography, http://dblp.org}
}

@inproceedings{GumbelSoftmax,
title = {Categorical Reparameterization with Gumbel-Softmax},
author  = {Eric Jang and Shixiang Gu and Ben Poole},
year  = {2017},
URL = {https://arxiv.org/abs/1611.01144}
}

@inproceedings{Schmidhuber1990,
title = "An on-line algorithm for dynamic reinforcement learning and planning in reactive environments",
  author    = "Jurgen Schmidhuber",
  booktitle = "Proceedings of the International Joint Conference on Neural Networks (IJCNN)",
  year      = "1990"
}

@article{Jordan1992,
title = "Forward models: Supervised learning with a distal teacher ",
journal = "Cognitive Science ",
volume = "16",
number = "3",
pages = "307 - 354",
year = "1992",
note = "",
issn = "0364-0213",
doi = "http://dx.doi.org/10.1016/0364-0213(92)90036-T",
url = "http://www.sciencedirect.com/science/article/pii/036402139290036T",
author = "Michael I. Jordan and David E. Rumelhart"
}

@incollection{Nguyen1990,
 author = {Nguyen, Derrick and Widrow, Bernard},
 chapter = {The Truck Backer-upper: An Example of Self-learning in Neural Networks},
 title = {Neural Networks for Control},
 editor = {Miller,III, W. Thomas and Sutton, Richard S. and Werbos, Paul J.},
 year = {1990},
 isbn = {0-262-13261-3},
 pages = {287--299},
 numpages = {13},
 url = {http://dl.acm.org/citation.cfm?id=104204.104216},
 acmid = {104216},
 publisher = {MIT Press},
 address = {Cambridge, MA, USA},
}

@article{Kelley1960,
title = "An on-line algorithm for dynamic reinforcement learning and planning in reactive environments",
journal = "",
volume = "30",
number = "10",
pages = "947-954",
year = "1960",
url = "http://arc.aiaa.org/doi/abs/10.2514/8.5282?journalCode=arsj",
author = "Henry Kelley"
}

@article{Dreyfus1962,
title = "The numerical solution of variational problems",
journal = "Journal of Mathematical Analysis and Applications",
volume = "5",
number = "1",
pages = "30 - 45",
year = "1962",
note = "",
issn = "0022-247X",
doi = "http://dx.doi.org/10.1016/0022-247X(62)90004-5",
url = "http://www.sciencedirect.com/science/article/pii/0022247X62900045",
author = "Stuart Dreyfus"
}

@article{ConcreteDist,
  author    = {Chris J. Maddison and
               Andriy Mnih and
               Yee Whye Teh},
  title     = {The Concrete Distribution: {A} Continuous Relaxation of Discrete Random
               Variables},
  journal   = {CoRR},
  volume    = {abs/1611.00712},
  year      = {2016},
  url       = {http://arxiv.org/abs/1611.00712},
  archivePrefix = {arXiv},
  eprint    = {1611.00712},
  timestamp = {Wed, 07 Jun 2017 14:41:41 +0200},
  biburl    = {http://dblp.org/rec/bib/journals/corr/MaddisonMT16},
  bibsource = {dblp computer science bibliography, http://dblp.org}
}

@InProceedings{ParallelUCT,
author="Segal, Richard B.",
editor="van den Herik, H. Jaap
and Iida, Hiroyuki
and Plaat, Aske",
title="On the Scalability of Parallel UCT",
booktitle="Computers and Games",
year="2011",
publisher="Springer Berlin Heidelberg",
address="Berlin, Heidelberg",
pages="36--47",
isbn="978-3-642-17928-0"
}

@article{MCTSBus,
author = {Cazenave, Tristan and Balbo, Flavien and Pinson, Suzanne},
year = {2009},
month = {10},
pages = {},
title = {Using a Monte-Carlo approach for Bus regulation},
booktitle = {IEEE Conference on Intelligent Transportation Systems, Proceedings, ITSC}
}

@misc{OpenAIBaselines,
        Author = {Greg Brockman and Vicki Cheung and Ludwig Pettersson and Jonas Schneider and John Schulman and Jie Tang and Wojciech Zaremba},
        Title = {OpenAI Gym},
        Year = {2016},
        Eprint = {arXiv:1606.01540},
}

@ARTICLE{SurveyMCTS,
    author = {Cameron Browne and Edward Powley and Daniel Whitehouse and Simon Lucas and Peter I. Cowling and Stephen Tavener and Diego Perez and Spyridon Samothrakis and Simon Colton and et al.},
    title = {A survey of Monte Carlo tree search methods},
    journal = {IEEE TRANSACTIONS ON COMPUTATIONAL INTELLIGENCE AND AI},
    year = {2012}
}

@InProceedings{CombOptUCT,
author="Sabharwal, Ashish
and Samulowitz, Horst
and Reddy, Chandra",
editor="Beldiceanu, Nicolas
and Jussien, Narendra
and Pinson, {\'E}ric",
title="Guiding Combinatorial Optimization with UCT",
booktitle="Integration of AI and OR Techniques in Contraint Programming for Combinatorial Optimzation Problems",
year="2012",
publisher="Springer Berlin Heidelberg",
address="Berlin, Heidelberg",
pages="356--361",
}

@inproceedings{bagnell2010,
author = {Bagnell, J Andrew and Ross, St{\'{e}}phane},
booktitle = {Proceedings of the 13th International Conference on Artificial Intelligence and Statistics (AISTATS) 2010},
pages = {661--668},
title = {{Efficient Reductions for Imitation Learning}},
volume = {9},
year = {2010}
}

@ARTICLE{Pomerleau91,
    author = {Dean A. Pomerleau},
    title = {Efficient training of artificial neural networks for autonomous navigation},
    journal = {Neural Computation},
    year = {1991},
    volume = {3},
    pages = {97}
}

@inproceedings{ContextRNN,
  author    = {Tomas Mikolov and
               Geoffrey Zweig},
  title     = {Context dependent recurrent neural network language model},
  booktitle = {2012 {IEEE} Spoken Language Technology Workshop (SLT), Miami, FL,
               USA, December 2-5, 2012},
  pages     = {234--239},
  year      = {2012},
  url       = {http://dx.doi.org/10.1109/SLT.2012.6424228},
  doi       = {10.1109/SLT.2012.6424228},
  timestamp = {Tue, 12 Feb 2013 15:35:36 +0100},
  biburl    = {http://dblp.uni-trier.de/rec/bib/conf/slt/MikolovZ12},
  bibsource = {dblp computer science bibliography, http://dblp.org}
}

@article{ConcreteDist,
  author    = {Chris J. Maddison and
               Andriy Mnih and
               Yee Whye Teh},
  title     = {The Concrete Distribution: {A} Continuous Relaxation of Discrete Random
               Variables},
  journal   = {CoRR},
  volume    = {abs/1611.00712},
  year      = {2016},
  url       = {http://arxiv.org/abs/1611.00712},
  timestamp = {Thu, 01 Dec 2016 19:32:08 +0100},
  biburl    = {http://dblp2.uni-trier.de/rec/bib/journals/corr/MaddisonMT16},
  bibsource = {dblp computer science bibliography, http://dblp.org}
}

@article{Pascanu17,
  author    = {Razvan Pascanu and
               Yujia Li and
               Oriol Vinyals and
               Nicolas Heess and
               Lars Buesing and
               S{\'{e}}bastien Racani{\`{e}}re and
               David P. Reichert and
               Theophane Weber and
               Daan Wierstra and
               Peter Battaglia},
  title     = {Learning model-based planning from scratch},
  journal   = {CoRR},
  volume    = {abs/1707.06170},
  year      = {2017},
  archivePrefix = {arXiv},
  eprint    = {1707.06170},
  timestamp = {Mon, 14 Aug 2017 09:13:24 +0200},
  biburl    = {http://dblp.org/rec/bib/journals/corr/PascanuLVHBRRWW17},
  bibsource = {dblp computer science bibliography, http://dblp.org}
}

@article{Hamrick2017,
  author    = {Jessica Hamrick and Andrew Ballard and Razvan Pascanu and Oriol Vinyals and Nicolas Heess and Peter Battaglia},
  title     = {Metacontrol for Adaptive Imagination-Based Optimization},
  journal   = {ICLR 2017},
  year      = {2017},
}

@article{GumbelSoftmax,
  author    = {Eric Jang, Shixiang Gu and Ben Poole},
  title     = {Categorical Reparameterization with Gumbel-Softmax},
  journal   = {CoRR},
  volume    = {abs/1611.01144},
  year      = {2016},
  url       = {http://arxiv.org/abs/1611.01144},
}

@INPROCEEDINGS{RL_NMT,
    author = {Alvin C. Grissom Ii and He He and John Morgan and Hal Daume III},
    title = {Don’t Until the Final Verb Wait: Reinforcement Learning for Simultaneous Machine Translation},
    booktitle = {In Proceedings of EMNLP},
    year = {2014}
}

@inproceedings{Herman2015,
  author    = {Karl Moritz Hermann and
               Tom{\'{a}}s Kocisk{\'{y}} and
               Edward Grefenstette and
               Lasse Espeholt and
               Will Kay and
               Mustafa Suleyman and
               Phil Blunsom},
  title     = {Teaching Machines to Read and Comprehend},
  booktitle = {Advances in Neural Information Processing Systems 28: Annual Conference
               on Neural Information Processing Systems 2015, December 7-12, 2015,
               Montreal, Quebec, Canada},
  pages     = {1693--1701},
  year      = {2015},
  url       = {http://papers.nips.cc/paper/5945-teaching-machines-to-read-and-comprehend},
  timestamp = {Fri, 08 Apr 2016 19:32:52 +0200},
  biburl    = {http://dblp.uni-trier.de/rec/bib/conf/nips/HermannKGEKSB15},
  bibsource = {dblp computer science bibliography, http://dblp.org}
}

@article{Glascher2010,
title = "States versus Rewards: Dissociable Neural Prediction Error Signals Underlying Model-Based and Model-Free Reinforcement Learning ",
journal = "Neuron ",
volume = "66",
number = "4",
pages = "585 - 595",
year = "2010",
note = "",
issn = "0896-6273",
doi = "http://dx.doi.org/10.1016/j.neuron.2010.04.016",
url = "http://www.sciencedirect.com/science/article/pii/S0896627310002874",
author = "Jan Glascher and Nathaniel Daw and Peter Dayan and John P. O'Doherty",
}

@inproceedings{Schulman2015,
  added-at = {2015-07-05T00:00:00.000+0200},
  author = {Schulman, John and Levine, Sergey and Abbeel, Pieter and Jordan, Michael I. and Moritz, Philipp},
  biburl = {http://www.bibsonomy.org/bibtex/27462ef83a282ebeba5963e16176f9e29/dblp},
  booktitle = {ICML},
  editor = {Bach, Francis R. and Blei, David M.},
  ee = {http://jmlr.org/proceedings/papers/v37/schulman15.html},
  interhash = {a8e265b2ea2ac6ead6b6e17a5a4bdc09},
  intrahash = {7462ef83a282ebeba5963e16176f9e29},
  keywords = {dblp},
  pages = {1889-1897},
  publisher = {JMLR.org},
  series = {JMLR Workshop and Conference Proceedings},
  timestamp = {2016-07-13T11:45:06.000+0200},
  title = {Trust Region Policy Optimization.},
  url = {http://dblp.uni-trier.de/db/conf/icml/icml2015.html#SchulmanLAJM15},
  volume = 37,
  year = 2015
}

@article{Oh2016,
  author    = {Junhyuk Oh and
               Valliappa Chockalingam and
               Satinder P. Singh and
               Honglak Lee},
  title     = {Control of Memory, Active Perception, and Action in Minecraft},
  journal   = {CoRR},
  volume    = {abs/1605.09128},
  year      = {2016},
  url       = {http://arxiv.org/abs/1605.09128},
  timestamp = {Wed, 01 Jun 2016 15:51:07 +0200},
  biburl    = {http://dblp.uni-trier.de/rec/bib/journals/corr/OhCSL16},
  bibsource = {dblp computer science bibliography, http://dblp.org}
}

@article{Gu2016,
  author    = {Shixiang Gu and
               Ethan Holly and
               Timothy P. Lillicrap and
               Sergey Levine},
  title     = {Deep Reinforcement Learning for Robotic Manipulation},
  journal   = {CoRR},
  volume    = {abs/1610.00633},
  year      = {2016},
  url       = {http://arxiv.org/abs/1610.00633},
  timestamp = {Wed, 02 Nov 2016 09:51:26 +0100},
  biburl    = {http://dblp.uni-trier.de/rec/bib/journals/corr/GuHLL16},
  bibsource = {dblp computer science bibliography, http://dblp.org}
}

@article{mnih15,
    author = {Mnih, Volodymyr and Kavukcuoglu, Koray and Silver, David and Rusu, Andrei A. and Veness, Joel and Bellemare, Marc G. and Graves, Alex and Riedmiller, Martin and Fidjeland, Andreas K. and Ostrovski, Georg and Petersen, Stig and Beattie, Charles and Sadik, Amir and Antonoglou, Ioannis and King, Helen and Kumaran, Dharshan and Wierstra, Daan and Legg, Shane and Hassabis, Demis},
    citeulike-article-id = {13527831},
    citeulike-linkout-0 = {http://dx.doi.org/10.1038/nature14236},
    citeulike-linkout-1 = {http://dx.doi.org/10.1038/nature14236},
    day = {25},
    doi = {10.1038/nature14236},
    issn = {0028-0836},
    journal = {Nature},
    keywords = {artificial\_inteligence, control, machine\_learning, tweet},
    month = feb,
    number = {7540},
    pages = {529--533},
    posted-at = {2015-02-25 18:55:27},
    priority = {2},
    publisher = {Nature Research},
    title = {{Human-level control through deep reinforcement learning}},
    url = {http://dx.doi.org/10.1038/nature14236},
    volume = {518},
    year = {2015}
}

@incollection{Nguyen1990,
 author = {Nguyen, Derrick and Widrow, Bernard},
 chapter = {The Truck Backer-upper: An Example of Self-learning in Neural Networks},
 title = {Neural Networks for Control},
 editor = {Miller,III, W. Thomas and Sutton, Richard S. and Werbos, Paul J.},
 year = {1990},
 isbn = {0-262-13261-3},
 pages = {287--299},
 numpages = {13},
 url = {http://dl.acm.org/citation.cfm?id=104204.104216},
 acmid = {104216},
 publisher = {MIT Press},
 address = {Cambridge, MA, USA},
}

@inproceedings{Schmidhuber1990,
title = "An on-line algorithm for dynamic reinforcement learning and planning in reactive environments",
  author    = "Jurgen Schmidhuber",
  booktitle = "Proceedings of the International Joint Conference on Neural Networks (IJCNN)",
  year      = "1990"
}

@article{Kelley1960,
title = "An on-line algorithm for dynamic reinforcement learning and planning in reactive environments",
journal = "",
volume = "30",
number = "10",
pages = "947-954",
year = "1960",
url = "http://arc.aiaa.org/doi/abs/10.2514/8.5282?journalCode=arsj",
author = "Henry Kelley"
}

@article{Dreyfus1962,
title = "The numerical solution of variational problems",
journal = "Journal of Mathematical Analysis and Applications",
volume = "5",
number = "1",
pages = "30 - 45",
year = "1962",
note = "",
issn = "0022-247X",
doi = "http://dx.doi.org/10.1016/0022-247X(62)90004-5",
url = "http://www.sciencedirect.com/science/article/pii/0022247X62900045",
author = "Stuart Dreyfus"
}

@article{InteractionNet,
  added-at = {2017-01-02T00:00:00.000+0100},
  author = {Battaglia, Peter W. and Pascanu, Razvan and Lai, Matthew and Rezende, Danilo Jimenez and Kavukcuoglu, Koray},
  biburl = {http://www.bibsonomy.org/bibtex/21f4e5c52f13b5063e6b1f0a4632b4cdf/dblp},
  ee = {http://arxiv.org/abs/1612.00222},
  interhash = {b712afa8f52ce9748cfdd8de604661bc},
  intrahash = {1f4e5c52f13b5063e6b1f0a4632b4cdf},
  journal = {CoRR},
  keywords = {dblp},
  timestamp = {2017-01-03T11:34:40.000+0100},
  title = {Interaction Networks for Learning about Objects, Relations and Physics.},
  url = {http://dblp.uni-trier.de/db/journals/corr/corr1612.html#BattagliaPLRK16},
  volume = {abs/1612.00222},
  year = 2016
}

@article{Jordan1992,
title = "Forward models: Supervised learning with a distal teacher ",
journal = "Cognitive Science ",
volume = "16",
number = "3",
pages = "307 - 354",
year = "1992",
note = "",
issn = "0364-0213",
doi = "http://dx.doi.org/10.1016/0364-0213(92)90036-T",
url = "http://www.sciencedirect.com/science/article/pii/036402139290036T",
author = "Michael I. Jordan and David E. Rumelhart"
}

@article{Chang2016,
  author    = {Michael B. Chang and
               Tomer Ullman and
               Antonio Torralba and
               Joshua B. Tenenbaum},
  title     = {A Compositional Object-Based Approach to Learning Physical Dynamics},
  journal   = {CoRR},
  volume    = {abs/1612.00341},
  year      = {2016},
  url       = {http://arxiv.org/abs/1612.00341},
  timestamp = {Mon, 02 Jan 2017 11:09:15 +0100},
  biburl    = {http://dblp2.uni-trier.de/rec/bib/journals/corr/ChangUTT16},
  bibsource = {dblp computer science bibliography, http://dblp.org}
}

@article{FragkiadakiALM15,
  author    = {Katerina Fragkiadaki and
               Pulkit Agrawal and
               Sergey Levine and
               Jitendra Malik},
  title     = {Learning Visual Predictive Models of Physics for Playing Billiards},
  journal   = {CoRR},
  volume    = {abs/1511.07404},
  year      = {2015},
  url       = {http://arxiv.org/abs/1511.07404},
  timestamp = {Tue, 01 Dec 2015 19:22:34 +0100},
  biburl    = {http://dblp2.uni-trier.de/rec/bib/journals/corr/FragkiadakiALM15},
  bibsource = {dblp computer science bibliography, http://dblp.org}
}

@article{EntNet,
  author    = {Mikael Henaff and Jason Weston and Arthur Szlam and Antoine Bordes and Yann LeCun},
  title     = {Tracking the World State with Recurrent Entity Networks},
  journal   = {ICLR},
  volume    = {abs/1612.03969},
  year      = {2017},
  url       = {https://arxiv.org/abs/1612.03969},
}

@article{weston16,
  author    = {Jason Weston},
  title     = {Dialog-based Language Learning},
  journal   = {CoRR},
  volume    = {abs/1604.06045},
  year      = {2016},
  url       = {http://arxiv.org/abs/1604.06045},
  timestamp = {Mon, 02 May 2016 18:22:52 +0200},
  biburl    = {http://dblp.uni-trier.de/rec/bib/journals/corr/Weston16},
  bibsource = {dblp computer science bibliography, http://dblp.org}
}

@article{CommNN,
  author    = {Sainbayar Sukhbaatar and
               Arthur Szlam and
               Rob Fergus},
  title     = {Learning Multiagent Communication with Backpropagation},
  journal   = {CoRR},
  volume    = {abs/1605.07736},
  year      = {2016},
  url       = {http://arxiv.org/abs/1605.07736},
  timestamp = {Wed, 01 Jun 2016 15:51:08 +0200},
  biburl    = {http://dblp.uni-trier.de/rec/bib/journals/corr/SukhbaatarSF16},
  bibsource = {dblp computer science bibliography, http://dblp.org}
}

@article{AoAReader,
  author    = {Yiming Cui and
               Zhipeng Chen and
               Si Wei and
               Shijin Wang and
               Ting Liu and
               Guoping Hu},
  title     = {Attention-over-Attention Neural Networks for Reading Comprehension},
  journal   = {CoRR},
  volume    = {abs/1607.04423},
  year      = {2016},
  url       = {http://arxiv.org/abs/1607.04423},
  timestamp = {Tue, 02 Aug 2016 12:59:27 +0200},
  biburl    = {http://dblp.uni-trier.de/rec/bib/journals/corr/CuiCWWLH16},
  bibsource = {dblp computer science bibliography, http://dblp.org}
}

@article{ADAM,
  author    = {Diederik P. Kingma and
               Jimmy Ba},
  title     = {Adam: {A} Method for Stochastic Optimization},
  journal   = {CoRR},
  volume    = {abs/1412.6980},
  year      = {2014},
  url       = {http://arxiv.org/abs/1412.6980},
  timestamp = {Thu, 01 Jan 2015 19:51:08 +0100},
  biburl    = {http://dblp.uni-trier.de/rec/bib/journals/corr/KingmaB14},
  bibsource = {dblp computer science bibliography, http://dblp.org}
}

@article{GAReader,
  author    = {Bhuwan Dhingra, Hanxiao Liu, William Cohen and Ruslan Salakhutdinov},
  title     = {Gated-Attention Readers for Text Comprehension},
  journal   = {CoRR},
  volume    = {abs/1606.01549},
  year      = {2016},
  url       = {http://arxiv.org/abs/1606.01549},
}

@article{NSE,
  author    = {Tsendsuren Munkhdalai and Hong Yu},
  title     = {Reasoning with Memory Augmented Neural Networks for Language Comprehension},
  journal   = {CoRR},
  volume    = {abs/1610.06454},
  year      = {2016},
  url       = {https://arxiv.org/abs/1610.06454},
}

@article{EpiReader,
  author    = {Adam Trischler and
               Zheng Ye and
               Xingdi Yuan and
               Kaheer Suleman},
  title     = {Natural Language Comprehension with the EpiReader},
  journal   = {CoRR},
  volume    = {abs/1606.02270},
  year      = {2016},
  url       = {http://arxiv.org/abs/1606.02270},
  timestamp = {Fri, 01 Jul 2016 17:39:49 +0200},
  biburl    = {http://dblp.uni-trier.de/rec/bib/journals/corr/TrischlerYYS16},
  bibsource = {dblp computer science bibliography, http://dblp.org}
}

@inproceedings{GRU,
  author    = {Kyunghyun Cho and
               Bart van Merrienboer and
               Dzmitry Bahdanau and
               Yoshua Bengio},
  title     = {On the Properties of Neural Machine Translation: Encoder-Decoder Approaches},
  booktitle = {Proceedings of SSST@EMNLP 2014, Eighth Workshop on Syntax, Semantics
               and Structure in Statistical Translation, Doha, Qatar, 25 October
               2014},
  pages     = {103--111},
  year      = {2014},
  url       = {http://aclweb.org/anthology/W/W14/W14-4012.pdf},
  timestamp = {Fri, 07 Oct 2016 13:15:52 +0200},
  biburl    = {http://dblp.uni-trier.de/rec/bib/conf/ssst/ChoMBB14},
  bibsource = {dblp computer science bibliography, http://dblp.org}
}

@article{LSTM,
 author = {Hochreiter, Sepp and Schmidhuber, J\"{u}rgen},
 title = {Long Short-Term Memory},
 journal = {Neural Comput.},
 issue_date = {November 15, 1997},
 volume = {9},
 number = {8},
 month = nov,
 year = {1997},
 issn = {0899-7667},
 pages = {1735--1780},
 numpages = {46},
 url = {http://dx.doi.org/10.1162/neco.1997.9.8.1735},
 doi = {10.1162/neco.1997.9.8.1735},
 acmid = {1246450},
 publisher = {MIT Press},
 address = {Cambridge, MA, USA},
}

@inproceedings{lerer-icml-2016,
  author    = {Adam Lerer and
               Sam Gross and
               Rob Fergus},
  title     = {Learning Physical Intuition of Block Towers by Example},
  booktitle = {Proceedings of the 33nd International Conference on Machine Learning,
               {ICML} 2016, New York City, NY, USA, June 19-24, 2016},
  pages     = {430--438},
  year      = {2016},
  url       = {http://jmlr.org/proceedings/papers/v48/lerer16.html},
  timestamp = {Tue, 12 Jul 2016 21:51:16 +0200},
  biburl    = {http://dblp.uni-trier.de/rec/bib/conf/icml/LererGF16},
  bibsource = {dblp computer science bibliography, http://dblp.org}
}

@inproceedings{Ebert17,
      author    = {Frederik Ebert and
                   Chelsea Finn and
                   Alex X. Lee and
                   Sergey Levine},
      title     = {Self-Supervised Visual Planning with Temporal Skip Connections},
      booktitle = {1st Annual Conference on Robot Learning, CoRL 2017, Mountain View,
                   California, USA, November 13-15, 2017, Proceedings},
      pages     = {344--356},
      year      = {2017},
      crossref  = {DBLP:conf/corl/2017},
      url       = {http://proceedings.mlr.press/v78/frederik-ebert17a.html},
      timestamp = {Tue, 12 Dec 2017 14:10:47 +0100},
      biburl    = {https://dblp.org/rec/bib/conf/corl/EbertFLL17},
      bibsource = {dblp computer science bibliography, https://dblp.org}
}

@article{Babaeizadeh2018,
      author    = {Mohammad Babaeizadeh and
                   Chelsea Finn and
                   Dumitru Erhan and
                   Roy H. Campbell and
                   Sergey Levine},
      title     = {Stochastic Variational Video Prediction},
      journal   = {CoRR},
      volume    = {abs/1710.11252},
      year      = {2017},
      url       = {http://arxiv.org/abs/1710.11252},
      archivePrefix = {arXiv},
      eprint    = {1710.11252},
      timestamp = {Thu, 02 Nov 2017 14:25:36 +0100},
      biburl    = {https://dblp.org/rec/bib/journals/corr/abs-1710-11252},
      bibsource = {dblp computer science bibliography, https://dblp.org}
}

@article{VAE,
    author = {P Kingma, Diederik and Welling, Max},
    year = {2013},
    month = {12},
    pages = {},
    title = {Auto-Encoding Variational Bayes},
    booktitle = {ICLR}
}

@article{Denton2018,
      author    = {Emily Denton and
                   Rob Fergus},
      title     = {Stochastic Video Generation with a Learned Prior},
      journal   = {CoRR},
      volume    = {abs/1802.07687},
      year      = {2018},
      url       = {http://arxiv.org/abs/1802.07687},
      archivePrefix = {arXiv},
      eprint    = {1802.07687},
      timestamp = {Fri, 02 Mar 2018 13:46:22 +0100},
      biburl    = {https://dblp.org/rec/bib/journals/corr/abs-1802-07687},
      bibsource = {dblp computer science bibliography, https://dblp.org}
}

@InProceedings{Walker2016,
    author="Walker, Jacob
and Doersch, Carl
and Gupta, Abhinav
and Hebert, Martial",
    editor="Leibe, Bastian
and Matas, Jiri
and Sebe, Nicu
and Welling, Max",
    title="An Uncertain Future: Forecasting from Static Images Using Variational Autoencoders",
    booktitle="Computer Vision -- ECCV 2016",
    year="2016",
    publisher="Springer International Publishing",
    address="Cham",
    pages="835--851",
    isbn="978-3-319-46478-7"
}

@article{Rosca17,
      author    = {Mihaela Rosca and
                   Balaji Lakshminarayanan and
                   David Warde{-}Farley and
                   Shakir Mohamed},
      title     = {Variational Approaches for Auto-Encoding Generative Adversarial Networks},
      journal   = {CoRR},
      volume    = {abs/1706.04987},
      year      = {2017},
      url       = {http://arxiv.org/abs/1706.04987},
      archivePrefix = {arXiv},
      eprint    = {1706.04987},
      timestamp = {Mon, 03 Jul 2017 13:29:02 +0200},
      biburl    = {https://dblp.org/rec/bib/journals/corr/RoscaLWM17},
      bibsource = {dblp computer science bibliography, https://dblp.org}
}

@article{Mao16,
      author    = {Xudong Mao and
                   Qing Li and
                   Haoran Xie and
                   Raymond Y. K. Lau and
                   Zhen Wang},
      title     = {Multi-class Generative Adversarial Networks with the {L2} Loss Function},
      journal   = {CoRR},
      volume    = {abs/1611.04076},
      year      = {2016},
      url       = {http://arxiv.org/abs/1611.04076},
      archivePrefix = {arXiv},
      eprint    = {1611.04076},
      timestamp = {Wed, 07 Jun 2017 14:42:04 +0200},
      biburl    = {https://dblp.org/rec/bib/journals/corr/MaoLXLW16},
      bibsource = {dblp computer science bibliography, https://dblp.org}
}

@article{Danihelka17,
      author    = {Ivo Danihelka and
                   Balaji Lakshminarayanan and
                   Benigno Uria and
                   Daan Wierstra and
                   Peter Dayan},
      title     = {Comparison of Maximum Likelihood and GAN-based training of Real NVPs},
      journal   = {CoRR},
      volume    = {abs/1705.05263},
      year      = {2017},
      url       = {http://arxiv.org/abs/1705.05263},
      archivePrefix = {arXiv},
      eprint    = {1705.05263},
      timestamp = {Wed, 07 Jun 2017 14:41:13 +0200},
      biburl    = {https://dblp.org/rec/bib/journals/corr/DanihelkaLUWD17},
      bibsource = {dblp computer science bibliography, https://dblp.org}
}

@inproceedings{GANeval,
    title={Quantitatively Evaluating {GAN}s With Divergences Proposed for Training},
    author={Daniel Jiwoong Im and Alllan He Ma and Graham W. Taylor and Kristin Branson},
    booktitle={International Conference on Learning Representations},
    year={2018},
    url={https://openreview.net/forum?id=SJQHjzZ0-},
}

@article{mathieu-iclr-2016,
  author    = {Micha{\"{e}}l Mathieu and
               Camille Couprie and
               Yann LeCun},
  title     = {Deep multi-scale video prediction beyond mean square error},
  journal   = {CoRR},
  volume    = {abs/1511.05440},
  year      = {2015},
  url       = {http://arxiv.org/abs/1511.05440},
  timestamp = {Tue, 01 Dec 2015 19:22:34 +0100},
  biburl    = {http://dblp2.uni-trier.de/rec/bib/journals/corr/MathieuCL15},
  bibsource = {dblp computer science bibliography, http://dblp.org}
}

@article{RNNComplexity,
  author    = {Saizheng Zhang and
               Yuhuai Wu and
               Tong Che and
               Zhouhan Lin and
               Roland Memisevic and
               Ruslan Salakhutdinov and
               Yoshua Bengio},
  title     = {Architectural Complexity Measures of Recurrent Neural Networks},
  journal   = {CoRR},
  volume    = {abs/1602.08210},
  year      = {2016},
  url       = {http://arxiv.org/abs/1602.08210},
}

@article{GGSNN,
  author    = {Yujia Li and
               Daniel Tarlow and
               Marc Brockschmidt and
               Richard S. Zemel},
  title     = {Gated Graph Sequence Neural Networks},
  journal   = {CoRR},
  volume    = {abs/1511.05493},
  year      = {2015},
  url       = {http://arxiv.org/abs/1511.05493},
  timestamp = {Tue, 01 Dec 2015 19:22:34 +0100}
}

@article{ASReader,
  author    = {Rudolf Kadlec and
               Martin Schmid and
               Ondrej Bajgar and
               Jan Kleindienst},
  title     = {Text Understanding with the Attention Sum Reader Network},
  journal   = {CoRR},
  volume    = {abs/1603.01547},
  year      = {2016},
  url       = {http://arxiv.org/abs/1603.01547},
  timestamp = {Sat, 02 Apr 2016 11:49:48 +0200},
  biburl    = {http://dblp.uni-trier.de/rec/bib/journals/corr/KadlecSBK16},
  bibsource = {dblp computer science bibliography, http://dblp.org}
}

@article{joulin2015inferring,
  title={Inferring Algorithmic Patterns with Stack-Augmented Recurrent Nets},
  author={Joulin, Armand and Mikolov, Tomas},
  journal={arXiv preprint arXiv:1503.01007},
  year={2015}
}

@inproceedings{grefenstette2015learning,
  title={Learning to transduce with unbounded memory},
  author={Grefenstette, Edward and Hermann, Karl Moritz and Suleyman, Mustafa and Blunsom, Phil},
  booktitle={Advances in Neural Information Processing Systems},
  pages={1828--1836},
  year={2015}
}

@MISC{Torch7,
    author = {Ronan Collobert and Koray Kavukcuoglu and Clément Farabet},
    title = {Torch7: A Matlab-like Environment for Machine Learning},
    year = {2011}
}

@article{MemNet,
  author    = {Jason Weston and
               Sumit Chopra and
               Antoine Bordes},
  title     = {Memory Networks},
  journal   = {CoRR},
  volume    = {abs/1410.3916},
  year      = {2014},
  url       = {http://arxiv.org/abs/1410.3916},
  timestamp = {Sun, 02 Nov 2014 11:25:59 +0100},
  biburl    = {http://dblp.uni-trier.de/rec/bib/journals/corr/WestonCB14},
  bibsource = {dblp computer science bibliography, http://dblp.org}
}

@article{DNTM,
  author    = {Caglar Gulcehre and
               Sarath Chandar and
               Kyunghyun Cho and
               Yoshua Bengio},
  title     = {Dynamic Neural Turing Machines with Soft and Hard Addressing Schemes},
  journal   = {CoRR},
  volume    = {abs/1607.00036},
  year      = {2016},
  url       = {http://arxiv.org/abs/1607.00036},
}

@article{peng2015towards,
  title={Towards neural network-based reasoning},
  author={Peng, Baolin and Lu, Zhengdong and Li, Hang and Wong, Kam-Fai},
  journal={arXiv preprint arXiv:1508.05508},
  year={2015}
}

@article{chandar2016hierarchical,
  title={Hierarchical Memory Networks},
  author={Chandar, Sarath and Ahn, Sungjin and Larochelle, Hugo and Vincent, Pascal and Tesauro, Gerald and Bengio, Yoshua},
  journal={arXiv preprint arXiv:1605.07427},
  year={2016}
}

@article{miller2016key,
  title={Key-Value Memory Networks for Directly Reading Documents},
  author={Miller, Alexander and Fisch, Adam and Dodge, Jesse and Karimi, Amir-Hossein and Bordes, Antoine and Weston, Jason},
  journal={arXiv preprint arXiv:1606.03126},
  year={2016}
}

@ARTICLE{2016arXiv161004211P,
   author = {{Perez}, J. and {Liu}, F.},
    title = "{Gated End-to-End Memory Networks}",
  journal = {ArXiv e-prints},
archivePrefix = "arXiv",
   eprint = {1610.04211},
 primaryClass = "cs.CL",
 keywords = {Computer Science - Computation and Language, Statistics - Machine Learning},
     year = 2016,
    month = oct,
   adsurl = {http://adsabs.harvard.edu/abs/2016arXiv161004211P},
  adsnote = {Provided by the SAO/NASA Astrophysics Data System}
}

@incollection{CBT,
title = {The Goldilocks Principle: Reading Children's Books with Explicit Memory Representations},
author = {Hill, Felix and Bordes, Antoine and Chopra, Sumit and Weston, Jason},
booktitle = {Proceedings of the International Conference on Learning Representations},
year = {2016},
}

@article{dodge2015evaluating,
  title={Evaluating prerequisite qualities for learning end-to-end dialog systems},
  author={Dodge, Jesse and Gane, Andreea and Zhang, Xiang and Bordes, Antoine and Chopra, Sumit and Miller, Alexander and Szlam, Arthur and Weston, Jason},
  journal={arXiv preprint arXiv:1511.06931},
  year={2015}
}

@incollection{MemN2N,
title = {End-To-End Memory Networks},
author = {Sukhbaatar, Sainbayar and szlam, arthur and Weston, Jason and Fergus, Rob},
booktitle = {Advances in Neural Information Processing Systems 28},
editor = {C. Cortes and N. D. Lawrence and D. D. Lee and M. Sugiyama and R. Garnett},
pages = {2440--2448},
year = {2015},
publisher = {Curran Associates, Inc.},
url = {http://papers.nips.cc/paper/5846-end-to-end-memory-networks.pdf}
}

@inproceedings{DMN,
  title={Dynamic Memory Networks for Visual and Textual Question Answering},
  author={Caiming Xiong and Stephen Merity and Richard Socher},
  booktitle={ICML},
  year={2016}
}

@article{DynamicMemNet,
  added-at = {2016-07-11T20:40:21.000+0200},
  author = {Kumar, Ankit and Irsoy, Ozan and Ondruska, Peter and Iyyer, Mohit and Bradbury, James and Gulrajani, Ishaan and Zhong, Victor and Paulus, Romain and Socher, Richard},
  description = {[1506.07285] Ask Me Anything: Dynamic Memory Networks for Natural Language Processing},
  keywords = {ANN DMN DynamicMemoryNetwork NLP QA},
  note = {cite arxiv:1506.07285},
  timestamp = {2016-07-11T20:44:39.000+0200},
  title = {Ask Me Anything: Dynamic Memory Networks for Natural Language Processing},
  url = {http://arxiv.org/abs/1506.07285},
  year = 2015
}

@article{babi,
  author    = {Jason Weston and
               Antoine Bordes and
               Sumit Chopra and
               Tomas Mikolov},
  title     = {Towards AI-Complete Question Answering: {A} Set of Prerequisite Toy
               Tasks},
  journal   = {CoRR},
  volume    = {abs/1502.05698},
  year      = {2015},
  url       = {http://arxiv.org/abs/1502.05698},
  timestamp = {Mon, 02 Mar 2015 14:17:34 +0100},
  biburl    = {http://dblp2.uni-trier.de/rec/bib/journals/corr/WestonBCM15},
  bibsource = {dblp computer science bibliography, http://dblp.org}
}

@inproceedings{Sutskever14,
  author    = {Ilya Sutskever and
               Oriol Vinyals and
               Quoc V. Le},
  title     = {Sequence to Sequence Learning with Neural Networks},
  booktitle = {Advances in Neural Information Processing Systems 27: Annual Conference
               on Neural Information Processing Systems 2014, December 8-13 2014,
               Montreal, Quebec, Canada},
  pages     = {3104--3112},
  year      = {2014},
  timestamp = {Wed, 10 Dec 2014 21:34:12 +0100},
  biburl    = {http://dblp.uni-trier.de/rec/bib/conf/nips/SutskeverVL14},
  bibsource = {dblp computer science bibliography, http://dblp.org}
}

@article{Ganguli2008,
author = {Ganguli, Surya and Huh, Dongsung and Sompolinsky, Haim},
title = {Memory traces in dynamical systems},
volume = {105},
number = {48},
pages = {18970-18975},
year = {2008},
doi = {10.1073/pnas.0804451105}
}

@inproceedings{Graves2013b,
  author    = {Alex Graves and
               Abdel{-}rahman Mohamed and
               Geoffrey E. Hinton},
  title     = {Speech recognition with deep recurrent neural networks},
  booktitle = {{IEEE} International Conference on Acoustics, Speech and Signal Processing,
               {ICASSP} 2013, Vancouver, BC, Canada, May 26-31, 2013},
  pages     = {6645--6649},
  year      = {2013},
  url       = {http://dx.doi.org/10.1109/ICASSP.2013.6638947},
  doi       = {10.1109/ICASSP.2013.6638947},
  timestamp = {Sat, 02 Nov 2013 16:17:16 +0100},
  bibsource = {dblp computer science bibliography, http://dblp.org}
}

@preprint{saxe2013,
  added-at = {2014-01-07T21:05:30.000+0100},
  author = {Saxe, Andrew M. and McClelland, James L. and Ganguli, Surya},
  biburl = {http://www.bibsonomy.org/bibtex/22369554f743ca15f2b831e620e9d63b2/renatovicente},
  description = {Exact solutions to the nonlinear dynamics of learning in deep linear
  neural networks},
  keywords = {deep learning},
  note = {cite arxiv:1312.6120},
  timestamp = {2014-01-07T21:05:30.000+0100},
  title = {Exact solutions to the nonlinear dynamics of learning in deep linear
  neural networks},
  url = {http://arxiv.org/abs/1312.6120},
  year = 2013
}

@article{White2004,
 author = {White, O and Lee, D and Sompolinky, H},
 title = {Short-Term Memory in Orthogonal Neural Networks},
 journal = {Physical Review Letters},
 issue_date = {4/9/2004},
 volume = {92},
 month = april,
 year = {2004},
 issn = {14},
}

@article{Gers2003,
 author = {Gers, Felix A. and Schraudolph, Nicol N. and Schmidhuber, J\"{u}rgen},
 title = {Learning Precise Timing with Lstm Recurrent Networks},
 journal = {J. Mach. Learn. Res.},
 issue_date = {3/1/2003},
 volume = {3},
 month = mar,
 year = {2003},
 issn = {1532-4435},
 pages = {115--143},
 numpages = {29},
 url = {http://dx.doi.org/10.1162/153244303768966139},
 doi = {10.1162/153244303768966139},
 acmid = {944925},
 publisher = {JMLR.org},
 keywords = {long short-term memory, recurrent neural networks, timing},
}

@PHDTHESIS{mikolov_thesis,
   author = {Tom{\'{a}}{\v{s}} Mikolov},
   title = {Statistical Language Models Based on Neural Networks},
   pages = {129},
   year = {2012},
   location = {Brno, CZ},
   language = {english},
   url = {http://www.fit.vutbr.cz/research/view_pub.php?id=10158}
}

@inproceedings{Pascanu13,
  author    = {Razvan Pascanu and
               Tomas Mikolov and
               Yoshua Bengio},
  title     = {On the difficulty of training recurrent neural networks},
  booktitle = {Proceedings of the 30th International Conference on Machine Learning,
               {ICML} 2013, Atlanta, GA, USA, 16-21 June 2013},
  pages     = {1310--1318},
  year      = {2013},
  timestamp = {Thu, 11 Sep 2014 07:28:55 +0200},
  biburl    = {http://dblp.uni-trier.de/rec/bib/conf/icml/PascanuMB13},
  bibsource = {dblp computer science bibliography, http://dblp.org}
}

@article{Bengio94,
  added-at = {2008-09-16T23:39:07.000+0200},
  author = {Bengio, Y. and Simard, P. and Frasconi, P.},
  biburl = {http://www.bibsonomy.org/bibtex/23241e3cc17a659131f52bd0f0d9a32dd/brian.mingus},
  description = {CCNLab BibTeX},
  journal = {IEEE Transactions on Neural Networks},
  keywords = {CCP JRR,},
  number = 2,
  pages = {157-166},
  timestamp = {2008-09-16T23:39:19.000+0200},
  title = {Learning long-term dependencies with gradient descent is difficult},
  volume = 5,
  year = 1994
}

@inproceedings{langley00,
 author    = {P. Langley},
 title     = {Crafting Papers on Machine Learning},
 year      = {2000},
 pages     = {1207--1216},
 editor    = {Pat Langley},
 booktitle     = {Proceedings of the 17th International Conference
              on Machine Learning (ICML 2000)},
 address   = {Stanford, CA},
 publisher = {Morgan Kaufmann}
}

@TechReport{mitchell80,
  author = 	 "T. M. Mitchell",
  title = 	 "The Need for Biases in Learning Generalizations",
  institution =  "Computer Science Department, Rutgers University",
  year = 	 "1980",
  address =	 "New Brunswick, MA",
}

@phdthesis{kearns89,
  author = {M. J. Kearns},
  title =  {Computational Complexity of Machine Learning},
  school = {Department of Computer Science, Harvard University},
  year =   {1989}
}

@inproceedings{Martens2011,
  author    = {Martens, J and
               Sutskever, I},
  title     = {Learning Recurrent Neural Networks with Hessian-Free Optimization},
  booktitle = {Proceedings of the 28th International Conference on Machine Learning,
               {ICML} 2011, Bellevue, Washington, USA, June 28 - July 2, 2011},
  pages     = {1033--1040},
  year      = {2011},
}

@Book{MachineLearningI,
  editor = 	 "R. S. Michalski and J. G. Carbonell and T.
		  M. Mitchell",
  title = 	 "Machine Learning: An Artificial Intelligence
		  Approach, Vol. I",
  publisher = 	 "Tioga",
  year = 	 "1983",
  address =	 "Palo Alto, CA"
}

@Book{MentalModels,
  editor = 	 "P.N. Johnson-Laird",
  title = 	 "Mental Models: toward a cognitive science of language, inference and consciousness",
  publisher = 	 "Cambridge University Press",
  year = 	 "1983",
  address =	 "Cambridge, U.K."
}

@Book{DudaHart2nd,
  author =       "R. O. Duda and P. E. Hart and D. G. Stork",
  title =        "Pattern Classification",
  publisher =    "John Wiley and Sons",
  edition =      "2nd",
  year =         "2000"
}

@misc{anonymous,
  title= {Suppressed for Anonymity},
  author= {Author, N. N.},
  year= {2011},
}

@article{PReLU,
  author = {He, Kaiming and Zhang, Xiangyu and Ren, Shaoqing and Sun, Jian},
  biburl = {http://www.bibsonomy.org/bibtex/26c9e541c56997bae1fa606bf131cbf90/dblp},
  ee = {http://arxiv.org/abs/1502.01852},
  journal = {CoRR},
  keywords = {dblp},
  timestamp = {2015-06-18T04:38:21.000+0200},
  title = {Delving Deep into Rectifiers: Surpassing Human-Level Performance on ImageNet Classification.},
  volume = {abs/1502.01852},
  year = 2015
}

@InCollection{Newell81,
  author =       "A. Newell and P. S. Rosenbloom",
  title =        "Mechanisms of Skill Acquisition and the Law of
                  Practice",
  booktitle =    "Cognitive Skills and Their Acquisition",
  pages =        "1--51",
  publisher =    "Lawrence Erlbaum Associates, Inc.",
  year =         "1981",
  editor =       "J. R. Anderson",
  chapter =      "1",
  address =      "Hillsdale, NJ"
}

@Article{Samuel59,
  author = 	 "A. L. Samuel",
  title = 	 "Some Studies in Machine Learning Using the Game of
		  Checkers",
  journal =	 "IBM Journal of Research and Development",
  year =	 "1959",
  volume =	 "3",
  number =	 "3",
  pages =	 "211--229"
}

@Article{Schonemann64,
  author = 	 "P.H. Schonemann",
  title = 	 "A generalized solution to the orthogonal Procrustes problem",
  journal =	 "Psychometrika",
  year =	 "1964",
  volume =	 "31",
  pages =	 "1--10"
}

@Article{Hochreiter1997,
  author = 	 "Hochreiter, S and Schmidhuber, J",
  title = 	 "Long Short-Term Memory",
  journal =	 "Neural Computation",
  year =	 "1997",
  volume =	 "8",
  number =       "9",
  pages =	 "1735--1780"
}

@ARTICLE{sRNN,
    author = {Jeffrey L. Elman},
    title = {Finding structure in time},
    journal = {COGNITIVE SCIENCE},
    year = {1990},
    volume = {14},
    number = {2},
    pages = {179--211}
}

@eprint{Le2015,
    eprinttype={arxiv},
    eprint = "1504.00941",
    primaryClass = "cs.SI",
    archivePrefix = "arXiv",
    author = {Le, Quoc and Jaitly, N and Hinton, G},
    title = {{A Simple Way to Initialize Recurrent Networks of Rectified Linear Units}},
    year = {2015},
    month = sep,
    url = {http://arxiv.org/abs/1504.00941}}


@eprint{NTM,
    eprinttype={arxiv},
    eprint = "1410.5401",
    primaryClass = "cs.SI",
    archivePrefix = "arXiv",
    author = {Graves, Alex and Wayne, Greg and Dnihelka, Ivo},
    title = {{Neural Turing Machines}},
    year = {2014},
    month = sep,
    url = {http://arxiv.org/abs/1410.5401}}


@eprint{Graves2013a,
    eprinttype={arxiv},
    eprint = "1308.0850",
    primaryClass = "cs.SI",
    archivePrefix = "arXiv",
    author = {Alex Graves},
    title = {{Generating Sequences with Recurrent Neural Networks}},
    year = {2013},
    month = sep,
    url = {http://arxiv.org/abs/1308.0850}}



@eprint{Zaremba2014,
    eprinttype={arxiv},
    eprint = "1409.2329",
    primaryClass = "cs.SI",
    archivePrefix = "arXiv",
    author = {Zaremba, W and Sutskever, I and Vinyals, O},
    title = {{Recurrent Neural Network Regularization}},
    year = {2014},
    month = sep,
    url = {http://arxiv.org/abs/1409.2329}}


@eprint{Mikolov2015,
    eprinttype={arxiv},
    eprint = "1412.7753",
    primaryClass = "cs.SI",
    archivePrefix = "arXiv",
    author = {Mikolov, T and Joulin, A and Chopra, S et. al},
    title = {{Learning Longer Memory in Recurrent Neural Networks}},
    year = {2015},
    month = sep,
    url = {http://arxiv.org/abs/1412.7753}}



@eprint{Krueger2015,
    eprinttype={arxiv},
    eprint = "1511.08400",
    primaryClass = "cs.SI",
    archivePrefix = "arXiv",
    author = {Krueger, D and Mimesevic, R},
    title = {{Regularizing RNNs by Stabilizing Activations}},
    year = {2015},
    month = sep,
    url = {http://arxiv.org/abs/1511.08400}}


@eprint{Arjovsky2015,
    eprinttype={arxiv},
    eprint = "1511.06464",
    primaryClass = "cs.SI",
    archivePrefix = "arXiv",
    author = {Arjovsky, M and Shah, A and Bengio, Y},
    title = {{Unitary Evolution Recurrent Neural Networks}},
    year = {2015},
    month = sep,
    url = {http://arxiv.org/abs/1511.06464}}

@eprint{Zaremba2015,
    eprinttype={arxiv},
    eprint = "1409.2329v4",
    primaryClass = "cs.SI",
    archivePrefix = "arXiv",
    author = {Zaremba, W and Sutskever, I},
    title = {{Recurrent Neural Network Regularization}},
    year = {2015},
    month = sep,
    url = {http://arxiv.org/pdf/1409.2329v4.pdf}}

@article{graves2016hybrid,
  title={Hybrid computing using a neural network with dynamic external memory},
  author={Graves, Alex and Wayne, Greg and Reynolds, Malcolm and Harley, Tim and Danihelka, Ivo and Grabska-Barwi{\'n}ska, Agnieszka and Colmenarejo, Sergio G{\'o}mez and Grefenstette, Edward and Ramalho, Tiago and Agapiou, John and others},
  journal={Nature},
  year={2016},
  publisher={Nature Research}
}

@article{wen_yin_feasible,
  author    = {Zaiwen Wen and
               Wotao Yin},
  title     = {A feasible method for optimization with orthogonality constraints},
  journal   = {Math. Program.},
  volume    = {142},
  number    = {1-2},
  pages     = {397--434},
  year      = {2013},
  url       = {http://dx.doi.org/10.1007/s10107-012-0584-1},
  doi       = {10.1007/s10107-012-0584-1},
  timestamp = {Tue, 12 Nov 2013 21:20:24 +0100},
  biburl    = {http://dblp.uni-trier.de/rec/bib/journals/mp/WenY13},
  bibsource = {dblp computer science bibliography, http://dblp.org}
}

@article{Edelman_geometry,
 author = {Edelman, Alan and Arias, Tom\'{a}s A. and Smith, Steven T.},
 title = {The Geometry of Algorithms with Orthogonality Constraints},
 journal = {SIAM J. Matrix Anal. Appl.},
 issue_date = {April 1999},
 volume = {20},
 number = {2},
 month = apr,
 year = {1999},
 issn = {0895-4798},
 pages = {303--353},
 numpages = {51},
 url = {http://dx.doi.org/10.1137/S0895479895290954},
 doi = {10.1137/S0895479895290954},
 acmid = {305358},
 publisher = {Society for Industrial and Applied Mathematics},
 address = {Philadelphia, PA, USA},
 keywords = {Grassmann manifold, Newton's method, Rayleigh quotient iteration, Stiefel manifold, conjugate gradient, eigenvalue optimization, eigenvalues and eigenvectors, electronic structures computation, invariant subspace, orthogonality constraints, reduced gradient method, sequential quadratic programming, subspace tracking},
}

@article{abbeel2007application,
  title={An application of reinforcement learning to aerobatic helicopter flight},
  author={Abbeel, Pieter and Coates, Adam and Quigley, Morgan and Ng, Andrew Y},
  journal={Advances in neural information processing systems},
  volume={19},
  pages={1},
  year={2007},
  publisher={MIT; 1998}
}

@inproceedings{todorov2005generalized,
  title={A generalized iterative LQG method for locally-optimal feedback control of constrained nonlinear stochastic systems},
  author={Todorov, Emanuel and Li, Weiwei},
  booktitle={American Control Conference, 2005. Proceedings of the 2005},
  pages={300--306},
  year={2005},
  organization={IEEE}
}

@inproceedings{todorov2012mujoco,
  title={Mujoco: A physics engine for model-based control},
  author={Todorov, Emanuel and Erez, Tom and Tassa, Yuval},
  booktitle={Intelligent Robots and Systems (IROS), 2012 IEEE/RSJ International Conference on},
  pages={5026--5033},
  year={2012},
  organization={IEEE}
}

@inproceedings{kumar2016optimal,
  title={Optimal control with learned local models: Application to dexterous manipulation},
  author={Kumar, Vikash and Todorov, Emanuel and Levine, Sergey},
  booktitle={Robotics and Automation (ICRA), 2016 IEEE International Conference on},
  pages={378--383},
  year={2016},
  organization={IEEE}
}

@article{silver2016mastering,
  title={Mastering the game of Go with deep neural networks and tree search},
  author={Silver, David and Huang, Aja and Maddison, Chris J and Guez, Arthur and Sifre, Laurent and Van Den Driessche, George and Schrittwieser, Julian and Antonoglou, Ioannis and Panneershelvam, Veda and Lanctot, Marc and others},
  journal={Nature},
  volume={529},
  number={7587},
  pages={484--489},
  year={2016},
  publisher={Nature Publishing Group}
}

@article{mathieu2015deep,
  title={Deep multi-scale video prediction beyond mean square error},
  author={Mathieu, Michael and Couprie, Camille and LeCun, Yann},
  journal={arXiv preprint arXiv:1511.05440},
  year={2015}
}

@article{kalchbrenner2016video,
  title={Video pixel networks},
  author={Kalchbrenner, Nal and Oord, Aaron van den and Simonyan, Karen and Danihelka, Ivo and Vinyals, Oriol and Graves, Alex and Kavukcuoglu, Koray},
  journal={arXiv preprint arXiv:1610.00527},
  year={2016}
}

@article{szegedy2013intriguing,
  title={Intriguing properties of neural networks},
  author={Szegedy, Christian and Zaremba, Wojciech and Sutskever, Ilya and Bruna, Joan and Erhan, Dumitru and Goodfellow, Ian and Fergus, Rob},
  journal={arXiv preprint arXiv:1312.6199},
  year={2013}
}

@phdthesis{watkins1989learning,
  title={Learning from delayed rewards},
  author={Watkins, Christopher John Cornish Hellaby},
  year={1989},
  school={University of Cambridge England}
}

@article{williams1992simple,
  title={Simple statistical gradient-following algorithms for connectionist reinforcement learning},
  author={Williams, Ronald J},
  journal={Machine learning},
  volume={8},
  number={3-4},
  pages={229--256},
  year={1992},
  publisher={Springer}
}

@article{maddison2016concrete,
  title={The Concrete Distribution: A Continuous Relaxation of Discrete Random Variables},
  author={Maddison, Chris J and Mnih, Andriy and Teh, Yee Whye},
  journal={arXiv preprint arXiv:1611.00712},
  year={2016}
}

@article{jang2016categorical,
  title={Categorical Reparameterization with Gumbel-Softmax},
  author={Jang, Eric and Gu, Shixiang and Poole, Ben},
  journal={arXiv preprint arXiv:1611.01144},
  year={2016}
}

@misc{Tieleman2012,
  title={{Lecture 6.5---RmsProp: Divide the gradient by a running average of its recent magnitude}},
  author={Tieleman, T. and Hinton, G.},
  howpublished={COURSERA: Neural Networks for Machine Learning},
  year={2012}
}

@article{halkias2006ngsim,
  title={{NGSIM} Interstate 80 Freeway Dataset},
  author={Halkias, John and Colyar, James},
  journal={US Federal Highway Administration, FHWA-HRT-06-137, Washington, DC, USA},
  year={2006}
}

@article{canziani2017cortexnet,
  title={{CortexNet}: a generic network family for robust visual temporal representations},
  author={Canziani, Alfredo and Culurciello, Eugenio},
  journal={arXiv preprint arXiv:1706.02735},
  year={2017}
}
